2645 3240
1288 48 1369 110 213

271 208 399 260 nore,
431 215 563 262 quam
594 214 712 248 vera
743 202 830 255 est,
860 195 1216 259 exprimenda-
1277 196 1437 257 Atque
1467 198 1512 242 in
1544 195 1650 254 ejus
1691 196 1819 255 quasi
1850 195 2001 255 fronte
2043 209 2201 254 arcus,
2233 197 2385 242 circu-

266 275 358 335 los,
386 275 601 347 lineolae,
631 273 753 320 alias
768 273 948 333 figuras
978 272 1046 317 ita
1070 271 1278 317 efficiunt
1307 270 1542 328 bracteae,
1574 275 1624 315 ut
1655 275 1819 331 suapte
1848 271 1901 315 vi
1921 275 2070 328 atque
2096 272 2314 330 junctura
2330 284 2384 316 se

273 352 538 405 susti-eant
557 354 605 397 et
630 346 904 396 extendant.
960 346 1160 404 Quarum
1191 346 1437 409 figurarum
1467 345 1718 393 intervalla
1749 349 1855 391 sunt
1887 346 1961 406 qui
1981 349 2111 391 oreta
2140 348 2243 393 sive
2273 360 2386 394 cera

273 427 444 474 odores
475 429 725 488 spargente
754 423 942 486 impleta
972 423 1117 469 fuisse
1149 423 1388 485 opinentur
1418 423 1619 482 vestigia
1650 423 1732 477 rei,
1767 437 1897 481 quam
1930 423 2183 467 etiamnunc
2213 421 2385 468 videli-

265 508 349 550 eet
379 503 426 548 in
465 499 650 561 angulis
666 499 943 547 haerentem
972 498 1181 560 Lynceis
1221 498 1290 544 illi
1329 497 1477 544 oculis
1521 502 1736 554 cernunt,
1780 498 1925 557 magis
1965 502 2115 542 autem
2145 496 2386 543 Montfau-

269 578 390 625 conii
407 580 459 623 et
475 574 648 635 Begeri
670 577 714 633 ¹)
734 589 873 637 super
892 573 1028 621 simili
1048 571 1244 634 quodam
1263 586 1406 635 opere
1423 571 1778 635 explicationem
1794 577 2053 632 sequentes.
2101 571 2248 633 Spina
2279 573 2384 618 sive

271 650 462 696 aculeus
495 654 679 707 contra,
718 665 807 710 quo
839 652 1011 697 monile
1042 652 1301 695 consertum
1333 653 1457 705 erat,
1497 647 1610 693 licet
1654 647 1862 706 robigine
1903 646 2098 702 adesus,
2140 648 2384 707 perspicue

272 731 422 771 tamen
453 725 498 770 in
529 727 709 787 postica
740 724 865 771 orbis
897 729 1028 786 parte
1060 710 1449 771 animadvertitur.
1513 723 1689 769 Aurum
1728 724 1873 783 ipsum
1906 722 2093 781 triginta
2124 734 2213 767 sex
2242 721 2384 767 flore-

270 802 342 846 nis
373 801 613 847 aestimant
644 802 719 860 qui
750 801 941 862 pretium
973 798 1034 846 ad
1066 804 1268 846 nostram
1298 800 1537 861 pecuniam
1570 800 1776 859 exigunt.

391 875 500 922 Nec
530 874 674 922 multo
705 874 846 923 vilior
885 877 1042 922 altera
1072 881 1145 923 est
1179 876 1327 940 fibula
1359 875 1505 934 (Tab.
1539 875 1575 923 Ι.
1615 874 1656 921 7.
1706 871 1943 921 censenda
1982 878 2030 919 et
2078 886 2137 918 ea
2182 871 2383 919 bracteis

272 957 481 1012 tanquam
514 949 656 995 radiis
674 950 929 1006 distincta,
974 952 1048 1010 qui
1079 952 1197 997 inter
1227 965 1280 996 se
1311 950 1497 996 circulis
1529 952 1682 996 aureis
1714 955 1820 995 sunt
1845 950 2010 1009 juncti.
2075 949 2299 993 Extremo
2338 949 2385 992 in

268 1026 474 1086 margine
515 1030 622 1071 octo
663 1024 758 1071 loci
799 1026 939 1071 certis
971 1023 1230 1072 intervallis
1272 1027 1395 1071 vitro
1427 1025 1583 1071 lucent
1627 1025 1854 1086 beryllum
1893 1026 2118 1079 imitante,
2164 1039 2296 1084 quum
2337 1025 2384 1068 in

268 1099 362 1147 alia
401 1102 552 1162 spatia
590 1102 708 1146 inter
739 1099 935 1146 lineolas
967 1101 1134 1146 vitrum
1164 1099 1371 1145 diffusum
1404 1102 1487 1158 sit,
1531 1101 1664 1160 cujus
1695 1100 1987 1162 splendorem
2019 1115 2175 1145 aurum
2208 1112 2383 1160 suppo·

269 1177 403 1220 situm
446 1180 608 1235 auget,
656 1173 919 1233 mediusque
968 1174 1201 1220 orbiculus
1255 1177 1442 1234 gemmis
1501 1181 1688 1220 ornatus
1734 1175 1880 1220 fuisse
1922 1174 2150 1220 videatur.
2215 1175 2381 1219 Dentis

271 1249 383 1294 nihil
414 1249 657 1308 reliquum3
691 1248 939 1294 diametros
970 1248 1166 1295 laminae
1197 1251 1301 1295 sive
1333 1250 1457 1295 orbis
1489 1249 1551 1310 1}
1582 1249 1753 1309 digitos
1784 1248 1937 1293 habet.

401 1323 650 1370 Lamellae
668 1338 847 1369 aureae
865 1328 1122 1384 praeterea,
1156 1339 1339 1383 quarum
1372 1326 1571 1385 speciem
1603 1325 1778 1370 variam
1798 1323 1974 1383 figurae
2006 1324 2051 1366 in
2084 1320 2241 1367 tabula
2271 1322 2308 1366 1.
2341 1321 2384 1366 9.

274 1398 346 1446 10.
367 1397 443 1445 11.
459 1397 534 1444 12.
555 1397 630 1445 17.
655 1397 726 1444 18.
747 1396 821 1447 19.
842 1405 890 1444 et
906 1399 950 1443 in
975 1397 1064 1445 tab.
1082 1399 1141 1445 11.
1159 1398 1228 1444 15.
1250 1414 1384 1455 a—nl
1403 1398 1448 1459 ²)
1467 1398 1699 1456 exhibent,
1723 1397 1883 1445 eodem
1904 1397 2004 1444 fere
2015 1395 2150 1443 modo
2171 1395 2383 1443 caelatae

270 1478 387 1530 sunt,
420 1487 509 1533 quo
529 1487 617 1519 vas
641 1471 829 1532 aliquod
850 1486 1036 1519 aureum
1057 1478 1163 1519 ante
1193 1473 1279 1520 hos
1300 1474 1540 1521 duodecim
1560 1488 1705 1520 annos
1727 1475 1772 1518 in
1794 1487 1909 1533 agro
1925 1471 2241 1519 Glauhemano
2274 1485 2383 1517 eru·-

267 1557 371 1592 tum.
395 1550 446 1605 ³]
478 1549 690 1593 Eniinent
722 1550 838 1593 enim
869 1551 916 1592 in
947 1563 1061 1594 auro
1093 1549 1380 1610 plurimarum
1434 1555 1602 1609 puncta
1634 1552 1679 1593 in
1711 1550 1847 1594 orbes
1880 1551 2103 1593 circinata
2133 1547 2383 1607 circulique

270 1622 431 1668 ordine
475 1622 669 1681 quodam
702 1622 917 1682 copulati.
982 1623 1251 1668 Nonnullae
1298 1624 1493 1668 rotundo
1536 1631 1641 1668 sunt
1673 1624 1859 1680 ambitu,
1905 1623 2025 1667 aliae
2058 1624 2103 1666 in
2135 1624 2240 1666 coni
2272 1621 2383 1680 glo-

267 1696 454 1756 bulique
486 1695 569 1743 vel
601 1695 777 1744 corculi
808 1695 996 1743 formam
1027 1697 1268 1759 figuratae,
1301 1697 1423 1744 aliae
1447 1699 1583 1744 etiam
1615 1704 1665 1744 ut
1697 1696 1976 1744 carbunculo
2009 1696 2203 1743 radiant.
2271 1694 2382 1742 Om-

269 1785 353 1818 nes
386 1786 519 1831 quum
552 1777 743 1819 ansatae
774 1773 864 1818 sint
895 1777 944 1818 et
975 1773 1093 1819 inter
1123 1772 1313 1835 lapillos
1349 1787 1640 1834 gemmasque
1673 1775 1719 1820 in
1751 1772 2009 1835 sepulchris
2034 1771 2273 1833 dispersae
2299 1771 2381 1830 ja·

268 1848 458 1902 cuerint,
491 1846 603 1891 nihil
637 1846 930 1892 dubitationis
962 1847 1157 1893 suboriri
1190 1853 1355 1909 potest,
1390 1851 1493 1908 quin
1525 1851 1696 1895 collari
1720 1851 2010 1908 feminarum
2043 1847 2149 1892 olim
2180 1848 2382 1890 insertae

268 1922 450 1967 suerint.

396 1996 459 2042 Et
492 2000 688 2056 arqento
721 2000 809 2040 tam
842 2011 958 2058 puro
992 2011 1120 2056 quam
1166 2000 1375 2044 inaurato
1421 1998 1617 2057 aliisque
1648 1998 1846 2044 metallis
1889 1997 2088 2044 conflato
2131 2011 2240 2041 suus
2280 1998 2380 2040 erat

266 2070 425 2117 honor.
489 2070 609 2129 Ejus
641 2071 708 2115 rei
741 2074 884 2116 testes
918 2076 1023 2116 sunt
1050 2073 1225 2135 fibulae
1251 2072 1357 2133 figg.
1391 2073 1481 2119 tab.
1513 2074 1548 2120 I.
1580 2074 1624 2118 2.
1656 2072 1700 2117 3.
1735 2073 1779 2117 4.
1814 2073 1857 2118 5.
1890 2071 1931 2117 6.
1968 2069 2377 2118 13.14.15.ex-

266 2157 471 2206 pressae.
534 2144 686 2188 Instar
718 2149 869 2189 autem
902 2159 1077 2202 earum,
1127 2161 1312 2206 quarum
1348 2146 1473 2192 basis
1505 2151 1727 2206 argentea
1768 2161 1880 2191 auro
1923 2143 2124 2190 obducta
2164 2145 2377 2201 vitroque

266 2219 483 2274 rubente,
503 2217 627 2277 quod
657 2218 748 2262 filis
780 2222 1014 2278 argenteis
1048 2221 1235 2266 artificis
1268 2221 1477 2267 sollertia
1508 2223 1554 2265 in
1576 2221 1732 2282 plures
1760 2228 1917 2282 partes
1950 2219 2062 2273 fidit,
2085 2219 2259 2263 suffusa
2291 2223 2376 2270 est,

265 2293 501 2353 mediaque
534 2307 641 2353 pars
663 2295 851 2354 picturis
884 2296 1140 2354 variegata,
1173 2298 1391 2355 imagines
1424 2295 1554 2340 nobis
1587 2302 1778 2356 possunt
1812 2309 1917 2341 esse
1950 2294 2060 2355 figg.
2088 2292 2179 2338 tab.
2211 2293 2249 2337 1.
2265 2293 2311 2337 5.
2328 2298 2377 2337 et

268 2369 310 2415 6.
353 2374 399 2414 et
439 2367 532 2413 tab.
565 2367 625 2412 ΙΙ.
659 2367 703 2412 1.
739 2366 882 2424 (baec
925 2368 1065 2413 fibula
1105 2369 1306 2416 catellae
1347 2385 1528 2416 annexa
1569 2376 1642 2415 est
1672 2376 1922 2429 argenteae
1963 2368 2197 2428 eidemque
2237 2366 2378 2413 bullis

266 2443 349 2491 vel
381 2441 596 2504 globulis,
629 2443 675 2488 in
707 2456 892 2501 quorum
929 2457 1017 2488 uno
1050 2445 1290 2504 imagInem
1314 2447 1477 2506 capitis
1510 2444 1688 2489 humani
1721 2436 2007 2507 exsculptam
2040 2443 2272 2498 habemus,
2306 2444 2376 2486 iu-

269 2520 414 2580 signi)
446 2519 490 2562 2.
523 2515 566 2562 3.
599 2516 641 2562 4.
673 2516 716 2561 5.
749 2517 791 2562 6.
825 2517 867 2562 7.
903 2516 1175 2564 delineatae.

325 2634 357 2682 ¹)
386 2633 439 2675 cf.
468 2631 708 2683 L’antiquite
735 2629 1050 2682 expliqueepar
1074 2633 1193 2671 Bern.
1223 2631 1273 2670 de
1301 2632 1566 2672 Montfaucon
1594 2638 1620 2671 t.
1649 2631 1720 2672 111.
1750 2647 1788 2685 p.
1818 2633 1871 2676 48
1914 2641 1954 2674 et
1979 2635 2129 2687 Begeri
2158 2633 2376 2672 thesaurus

405 2693 712 2746 Brandeuburg.
739 2699 767 2732 t.
794 2691 853 2731 111
881 2705 921 2743 p.
950 2692 1041 2734 433.

324 2757 363 2805 ²)
390 2758 507 2796 Haec
534 2758 605 2807 (11.
637 2759 695 2799 15.
725 2761 857 2805 a—m)
886 2765 1114 2797 ornamenta
1139 2761 1179 2797 in
1203 2760 1339 2797 tabula
1366 2772 1417 2798 ea
1441 2761 1715 2812 magnitudine
1743 2767 1849 2812 sunt,
1877 2774 1994 2813 quam
2020 2773 2118 2798 vere
2144 2759 2307 2797 habent.

327 2823 363 2871 ³)
390 2823 445 2862 ef.
472 2821 554 2861 Iter
578 2825 884 2864 Jahresbericht
911 2825 985 2864 des
1012 2826 1150 2864 histor.
1182 2827 1353 2865 Vereins
1385 2827 1499 2867 1835.

401 2883 470 2922 Ad
496 2894 567 2935 ea,
608 2896 714 2935 quae
750 2886 790 2923 in
817 2886 899 2926 hoc
938 2887 1068 2925 libello
1095 2887 1294 2938 leguntur,
1323 2886 1563 2938 explicanda
1590 2888 1744 2927 faciunt
1772 2890 1885 2927 etiam
1904 2916 1915 2938 ,
1940 2899 2044 2940 quae
2074 2886 2124 2925 de
2151 2888 2260 2939 pileo
2289 2888 2379 2925 sive

400 2946 537 2997 potins
577 2948 678 2984 tiara
714 2957 838 2986 aurea
875 2950 1101 3000 Antiquarii
1139 2948 1404 2987 Monacensis
1440 2951 1480 2987 in
1514 2950 1650 2989 diariis
1678 2951 1934 3003 Augustanis
1963 2962 2067 3001 anno
2111 2949 2215 3006 1844
2241 2949 2295 2989 N.
2327 2951 2377 2989 27

400 3008 551 3059 scripta
578 3013 682 3048 sunt.
