2645 3240
93 891 163 968 In
194 921 491 983 praefectura
523 928 686 968 nostra
727 922 1262 982 Suevo-Neoburgensi
1313 937 1442 981 quum
1484 921 1624 966 multa
1669 923 1859 968 inventa
1902 923 1992 966 sint
2034 922 2216 982 priscae

100 1003 267 1048 aetatis
311 1007 619 1061 monumenta,
674 1009 764 1049 tum
809 1004 927 1048 inter
967 1001 1335 1063 praeclarissima
1377 1002 1635 1048 referuntur
1670 1016 1749 1059 ea,
1800 1016 1919 1063 quae
1969 1015 2114 1063 nuper
2154 1000 2216 1046 ad

95 1079 247 1123 vicum
278 1077 329 1122 N
344 1076 677 1122 ordendorf
703 1079 747 1121 in
796 1077 944 1121 lucem
976 1083 1081 1120 suut
1125 1083 1373 1138 protracta.
1455 1077 1544 1121 llla
1590 1080 1779 1138 egregie
1811 1079 2046 1123 recensuit
2078 1082 2217 1137 atque

101 1151 359 1213 explicavit
391 1152 449 1196 de
479 1153 683 1207 Bai-ser,
719 1151 778 1196 V.
802 1150 889 1205 CL,
920 1152 1053 1209 cujus
1085 1151 1146 1195 ad
1176 1150 1370 1206 laudem,
1404 1166 1534 1210 quam
1564 1153 1819 1197 muneribus
1851 1152 2035 1213 publice
2067 1151 2215 1196 admi-

104 1226 309 1272 nistratis
327 1224 412 1270 sibi
434 1227 719 1286 comparavit
737 1224 1028 1285 singularem,
1047 1231 1255 1284 tanquam
1275 1225 1478 1271 cumulus
1503 1225 1697 1282 accedit,
1731 1226 1853 1286 quod
1874 1240 2046 1272 omnem
2065 1240 2215 1271 rerum

100 1301 285 1360 antiquo
319 1305 522 1361 tempore
554 1302 599 1343 in
632 1305 789 1345 nostra
838 1301 1078 1361 provincia
1109 1305 1339 1359 gestarum
1372 1301 1627 1344 memoriam
1661 1300 2010 1360 diligentissime
2043 1313 2216 1345 excus-

84 1376 154 1419 sit
180 1383 227 1420 et
262 1374 603 1434 illustravit1),
636 1375 755 1422 haec
787 1382 833 1420 et
865 1375 982 1420 idem
1015 1377 1059 1418 in
1092 1375 1330 1420 annalibus
1360 1378 1598 1420 societatis
1635 1375 1904 1431 historicae,
1939 1390 2056 1436 quae
2093 1374 2217 1437 apud

98 1465 183 1495 nos
226 1452 474 1495 constituta
517 1457 611 1506 est,
662 1456 880 1495 accurate
923 1456 970 1495 et
1003 1449 1193 1507 erudite,
1238 1457 1287 1495 ut
1317 1450 1460 1506 solet,
1502 1449 1746 1511 descripsit
1778 1457 1824 1495 et
1856 1450 1934 1495 alii
1968 1452 2056 1497 viri
2091 1450 2217 1497 docti

102 1523 396 1585 explananda
428 1527 513 1570 sibi
547 1532 813 1570 sumserunt.
877 1525 1076 1582 Quorum
1107 1525 1259 1571 studia
1292 1541 1422 1586 quum
1456 1526 1706 1587 praeterito
1740 1540 1857 1570 anno
1906 1527 1948 1570 in
1994 1540 2219 1571 consessu

101 1599 477 1660 amplissimorum
509 1602 732 1656 virorum,
784 1603 857 1661 qui
906 1603 1119 1646 societati
1152 1607 1338 1646 nostrae
1370 1600 1619 1647 historicae
1651 1606 1893 1662 praesunt,
1942 1615 2025 1661 pro
2072 1614 2129 1646 eo
2170 1607 2220 1645 ut

101 1689 186 1735 par
219 1681 319 1720 erat
347 1673 607 1721 laudassem
641 1676 862 1736 simulque
894 1676 1188 1733 indicassem,
1234 1682 1515 1737 quantopere
1563 1676 1632 1722 illi
1678 1678 1794 1721 inter
1838 1690 1891 1721 se
1924 1675 2222 1721 dissentirent

98 1751 142 1792 in
177 1756 316 1808 gente
363 1755 607 1809 aetateque
662 1750 942 1808 definienda,
994 1754 1067 1797 cui
1111 1766 1252 1813 opera
1294 1750 1740 1812 Nordendorpensia
1784 1750 2067 1797 vindicanda
2112 1764 2221 1795 esse

100 1823 390 1876 viderentur,
431 1827 729 1883 exstiterunt,
782 1829 855 1886 qui
889 1841 1059 1888 operae
1092 1828 1279 1887 pretium
1313 1842 1383 1872 me
1416 1841 1521 1872 esse
1553 1826 1775 1872 facturum
1809 1827 2145 1882 existimarent,
2178 1826 2219 1868 si

102 1901 260 1944 varias
294 1898 644 1961 discrepantium
692 1903 929 1963 opiniones
971 1903 1219 1963 scriptione
1252 1901 1406 1962 aliqua
1437 1903 1502 1946 ita
1535 1901 1895 1962 complecterer,
1945 1906 1995 1944 ut
2038 1914 2128 1945 uno
2172 1901 2215 1943 in

100 1982 352 2036 conspectu
386 1984 673 2036 ponerentur.
736 1978 891 2037 Atque
925 1976 1132 2044 equidgm
1174 1979 1353 2036 tametsi
1394 1977 1544 2022 multis
1584 1978 1783 2038 negotiis
1827 1975 2062 2020 districtus
2095 1990 2217 2020 eram

152 2120 192 2169 1)
228 2121 303 2219 311ιὶ
324 2119 432 2219 {iuss
460 2123 612 2174 scripta
602 2186 642 2222 A
663 2123 776 2223 „Dgs
805 2123 1601 2224 τὸωἰῗίοΙιοᾶΑηῑὶὸυαῖυπῖ,ἀᾼιιιζὲξῗυτῆ
1621 2122 1764 2222 182)31;(θι
1819 2120 1976 2221 11))013131
1992 2121 2216 2220 rokmrigzlgzn

302 2197 322 2219 e
392 2197 502 2220 ursse?
527 2197 581 2223 zu
646 2199 720 2234 1198
749 2200 825 2235 “ry
851 2199 905 2225 un
958 2199 1009 2225 811
1040 2200 1108 2225 ere
1171 2199 1219 2226 en
1252 2200 1339 2225 wur
1369 2200 1411 2238 lg
1443 2199 1480 2224 el
1500 2199 1549 2223 en
1605 2197 1651 2223 es
1765 2197 1818 2221 1¹·-
1989 2204 2012 2211 -
2110 2197 2121 2220 1
2200 2210 2210 2220 .

230 2244 393 2296 Augsb-
437 2246 550 2288 1820.
579 2247 643 2295 (4)
712 2249 756 2296 2)
795 2247 1072 2287 Urkundliche
1111 2248 1361 2287 Geschichte
1394 2247 1465 2286 der
1496 2246 1614 2286 stadt
1648 2246 1865 2294 Lauinqen
1898 2245 1964 2282 mit
2000 2243 2088 2283 dem
2123 2244 2212 2282 Be-

225 2306 412 2345 schriebe
447 2307 518 2346 der
544 2308 728 2348 daselbst
755 2322 793 2348 u.
826 2311 867 2348 in
900 2311 972 2348 der
1005 2309 1338 2349 Nachbarschast
1377 2308 1710 2361 aufgefundenen
1743 2306 1971 2346 romischen
2000 2305 2214 2344 Alterthu-

219 2380 299 2405 mer
326 2381 366 2406 u.
411 2369 600 2419 Mfinzen,
628 2372 792 2422 Augsb.
822 2372 936 2412 1822.
965 2373 1029 2419 (4)
1099 2372 1143 2422 3)
1175 2370 1330 2409 Guntia
1364 2370 1445 2409 und
1479 2370 1730 2409 Geschichte
1754 2369 1826 2406 der
1858 2367 2215 2419 Markgrnfschaft

226 2430 424 2482 Burqau,
453 2432 615 2485 Augsb.
654 2433 765 2474 1823.
854 2434 945 2473 Aus
981 2433 1137 2472 Guntia
1182 2431 1408 2471 besonders
1455 2431 1727 2485 abgedruckt:
1782 2432 1826 2480 4)
1864 2430 2145 2482 Drusomagus
2176 2429 2214 2479 ξ·

224 2490 432 2541 Sedatum,
462 2508 497 2533 u.
522 2495 719 2534 romische
751 2495 1020 2535 Alterthfimer
1050 2497 1093 2534 in
1118 2494 1367 2547 Augsburgs
1395 2494 1702 2534 Nachbarorten
1736 2491 1896 2548 18²⁴s25.
1925 2492 1988 2540 (4)
2045 2493 2090 2541 5)
2120 2491 2214 2528 An-

221 2555 473 2606 tiquarische
498 2556 627 2597 R‘eise
662 2570 745 2598 von
768 2559 961 2611 Augusta
998 2558 1104 2597 nach
1143 2557 1268 2595 Viaca
1296 2559 1363 2595 mit
1384 2557 1666 2596 Excursionen
1693 2555 1799 2593 nach
1837 2555 2216 2592 Venaxamodurum

224 2629 266 2656 u.
307 2617 642 2670 Coelio-Monte,
683 2621 844 2673 Augsb.
877 2620 989 2662 1829.
1006 2621 1076 2669 (4)
1131 2621 1178 2670 6)
1206 2619 1292 2657 Der
1320 2617 1791 2658 Ober-Donau-Kreis
1834 2616 1909 2654 des
1937 2616 2213 2668 Konigreichs

228 2679 393 2731 Bayern
419 2688 535 2721 unter
557 2682 634 2722 den
662 2682 847 2722 Romem.
901 2683 931 2721 1.
961 2683 1085 2721 Abth.
1115 2682 1276 2734 Augsb.
1311 2682 1424 2723 1830.
1479 2680 1531 2723 ΙΙ.
1560 2680 1681 2719 Abth.
1720 2679 1882 2732 Augsb.
1914 2677 2050 2727 1831.,
2078 2677 2214 2717 Fons.

229 2741 267 2779 d.
304 2740 356 2780 11.
390 2756 427 2783 u.
459 2743 528 2783 111.
564 2746 706 2796 Abth„
735 2746 898 2798 Augsb.
930 2743 1043 2785 1832.
1098 2746 1145 2792 7)
1174 2745 1365 2797 Βείίῐϊιὲο
1399 2745 1462 2783 fiir
1498 2744 1633 2782 Kuust
1667 2757 1706 2782 u.
1735 2741 1958 2780 Alterthum
1991 2741 2041 2777 im
2076 2738 2213 2778 Ober-

219 2808 549 2847 Danau-Kreis.
602 2808 718 2846 Funf
737 2807 973 2860 Jahrginge
1005 2806 1275 2847 1829-1833.
1330 2807 1375 2857 8)
1403 2806 1483 2845 Die
1510 2807 1708 2857 Wappen
1743 2804 1814 2842 der
1841 2802 2011 2852 Stidte,
2039 2802 2215 2851 Mirkte,

223 2869 305 2910 und
317 2870 796 2924 Wappenberechtigteu
816 2869 913 2909 Orte
941 2870 991 2908 im
1016 2868 1065 2911 0.
1081 2868 1281 2919 D.Kreis,
1308 2869 1391 2908 und
1419 2868 1505 2907 ihre
1530 2867 1603 2907 Ort
1624 2890 1648 2898 -
1680 2866 1762 2906 und
1784 2862 2212 2918 Distriktsgeschich-

224 2939 294 2973 ten
333 2932 447 2976 1834.
481 2931 545 2980 (4)
621 2933 669 2983 9)
711 2932 1044 2972 Jahresberichte
1104 2931 1178 2970 des
1225 2931 1498 2972 historischen
1536 2931 1714 2970 Vereins
1751 2928 1815 2967 fur
1845 2927 2083 2968 Schwaben
2131 2926 2213 2965 und

216 2994 415 3048 Neuburg
452 3006 533 3034 von
563 2994 663 3038 1835
694 2996 759 3034 bis
789 2994 901 3037 1845.

1776 3060 1802 3106 1
