2645 3240
1289 105 1363 160 21

271 254 685 314 manib-evi
706 253 848 297 unius
874 250 1178 311 eje-demque
1205 255 1371 298 aetatis
1402 255 1555 316 spatio
1573 254 1934 300 -oermiuarentur
1974 264 2123 311 neque
2151 251 2387 299 sora-ini·-

269 330 450 378 bunmd
478 324 703 374 hutonem
729 324 1166 387 essent‹destiuati·!
1193 327 1355 383 Recte
1383 327 1504 375 hauc
1528 343 1719 377 causam
1755 325 2041 388 repudiavit,
2084 329 2160 385 qui
2190 329 2237 372 in
2267 330 2387 373 actis

272 401 637 455 Gnul‘nuhanis-
659 416 804 463 suam.
831 400 893 447 de
922 400 1074 448 Celtis
1104 403 1358 463 opi-ionem
1384 412 1550 451 contra
1580 404 1841 457 adversarii
1886 402 1956 446 sui
1986 399 2385 462 reprehensionem

270 485 435 527 tuetur.
471 478 520 538 ¹)
584 477 744 522 Potuit
776 476 966 534 addere,
998 491 1225 523 numerum
1256 481 1398 540 ipsum
1431 494 1661 526 numorum
1695 493 1783 524 non
1818 489 1926 524 esse
1964 476 2098 522 flocci
2129 474 2387 524 habendum

273 567 478 614 eumque,
509 559 569 597 ut
591 554 738 612 major
767 551 828 597 ad
861 552 923 608 id,
955 551 1079 611 quod
1098 567 1174 598 res
1204 562 1289 611 est,
1319 555 1599 615 probandum
1629 568 1720 600 non
1744 554 2011 614 requiratur.
2076 551 2179 598 Sed
2210 552 2381 599 nollem

270 629 435 685 abeo,
466 641 600 686 quum
633 627 938 687 responderet
967 625 1254 683 adversario,
1286 629 1434 688 Bojos
1467 630 1646 675 incolas
1672 635 1859 673 nostrae
1891 627 2095 686 regionis
2114 629 2382 684 nominatos,

274 717 389 764 quos
421 707 593 748 certum
626 707 698 747 est
730 701 850 746 hunc
885 707 1089 758 tractum,
1121 702 1159 746 si
1193 716 1500 764 occupavere,
1533 703 1613 749 diu
1644 718 1734 748 non
1768 703 1975 763 potuisse
2005 706 2166 747 tenere
2201 703 2250 756 ²]

339 811 341 813 .
394 776 459 823 Ut
489 781 638 822 auten
656 774 1162 821 AustriacoCeltarum
1184 776 1306 838 apud
1327 793 1411 824 nos
1432 777 1603 823 vindici
1632 775 1881 822 similitudo
1906 776 2217 834 antiquitatum
2239 788 2383 821 causa
2453 836 2457 839 ι

271 857 357 908 est,
390 864 472 896 cur
501 850 751 912 sepulchra
780 851 824 893 iu
848 851 1026 894 'nostris
1059 853 1192 896 terris
1225 851 1410 898 detecta
1441 852 1632 913 perinde
1663 858 1800 911 atque
1834 864 1916 906 ea,
1958 864 2075 909 quae
2107 848 2229 910 apud
2261 848 2382 895 Hel-

267 928 447 982 vetios,
485 924 678 980 Gallos,
726 924 970 968 Britannos
1009 931 1168 985 aperta
1196 932 1324 981 sunt,
1367 927 1428 971 ad
1461 927 1652 972 eundem
1684 926 1901 987 populum
1941 924 2174 980 retulerit,
2218 925 2284 967 ita
2321 923 2379 969 C.

278 1001 599 1053 {vahanaim
629 998 690 1043 V.
713 999 786 1051 1).,
819 1000 892 1057 qui
925 997 984 1049 de
1011 1002 1259 1060 scriptione
1289 1001 1472 1046 Raiseri
1504 1017 1643 1060 supra
1676 1016 1704 1044 a
1735 1015 1806 1045 me
1838 999 2030 1045 laudata
2062 1001 2107 1043 iu
2139 997 2381 1043 annalibus

268 1074 355 1119 litt.
386 1071 861 1133 Heidelbergensibus
897 1073 947 1130 ³]
988 1072 1206 1134 judicium
1240 1086 1566 1136 censuramque
1605 1074 1740 1131 fecit,
1783 1080 1830 1120 et
1872 1075 1974 1135 ipsa
2014 1071 2264 1119 similitudo
2296 1073 2380 1117 im-

266 1148 403 1210 pulit,
444 1154 494 1193 ut
533 1147 792 1194 conditoria
820 1148 1264 1211 Nordendorpensia
1313 1155 1393 1194 aut
1434 1150 1826 1196 Allemannor-um
1869 1153 1949 1194 aut
1984 1148 2383 1209 Ostroyothorum

268 1229 360 1280 aut,
392 1224 434 1268 si
466 1224 723 1284 posteriore
748 1225 882 1268 etiam
914 1229 1116 1285 tempore
1145 1224 1273 1270 facta
1306 1229 1475 1280 essent,
1508 1225 1819 1270 Francorum
1849 1224 2064 1269 fortassis
2097 1223 2242 1269 fuisse
2274 1222 2379 1267 nul-

267 1297 433 1359 losque
464 1298 507 1343 in
540 1298 598 1344 iis
631 1296 885 1345 Germanos
915 1299 1123 1361 sepultos
1155 1301 1403 1360 quievisse,
1435 1300 1520 1344 nisi
1555 1297 1844 1346 Christianos
1878 1297 2067 1344 diceret.
2116 1298 2240 1343 Nam
2259 1312 2379 1358 quae

268 1388 298 1418 a
328 1373 423 1419 Via
447 1373 670 1419 Montana
700 1373 1049 1435 Manhemioque
1080 1374 1192 1421 urbe
1225 1377 1269 1420 iu
1302 1374 1471 1420 dextra
1499 1373 1652 1421 Rheni
1684 1377 1784 1437 ripa
1815 1380 1952 1435 atque
1984 1387 2067 1435 per
2098 1372 2254 1420 valles
2284 1372 2378 1418 Ni-

264 1462 429 1494 crauas
460 1450 506 1492 in
539 1450 707 1495 vicinia
741 1449 1045 1509 Brigobannis
1077 1450 1139 1496 ad
1171 1452 1321 1496 vicum
1353 1449 1628 1510 Buhliugam
1660 1462 1806 1510 usque
1838 1448 1898 1494 ad
1931 1448 2177 1503 Basileam,
2208 1448 2378 1507 Augu-

264 1528 379 1568 stam
409 1523 667 1569 Rauracum
708 1530 845 1584 atque
886 1530 1012 1570 trans
1044 1525 1250 1571 Rhenum
1284 1525 1345 1571 ad
1377 1525 1526 1587 Alpes
1559 1524 1680 1587 apud
1707 1525 1980 1581 HelvetioS,
2024 1530 2115 1569 tum
2162 1525 2206 1567 in
2240 1521 2375 1584 pala-

264 1599 674 1659 tinatu-Bavariae
707 1605 755 1644 et
786 1599 847 1643 ad
879 1599 1157 1656 Visbadam,
1199 1601 1395 1660 denique
1427 1602 1471 1644 iu
1504 1614 1646 1660 reguo
1679 1601 1914 1646 Bavarico
1946 1601 2049 1660 ipso
2082 1597 2142 1643 ad
2177 1598 2374 1643 Tittma-

263 1668 445 1734 ningam
478 1677 615 1734 atque
648 1687 730 1734 per
761 1673 865 1719 Lici
897 1674 1114 1735 Ivarique
1140 1677 1277 1738 ripas,
1311 1689 1426 1737 quae
1446 1677 1585 1736 igitur
1615 1678 1659 1720 in
1691 1675 1762 1720 liis
1790 1674 2055 1735 regionibus
2087 1686 2376 1733 cognoscere

262 1749 471 1794 licuisset
493 1755 764 1794 mortuorum
798 1752 1077 1809 antiquorum
1111 1751 1232 1807 loca,
1265 1767 1395 1811 quum
1429 1751 1590 1797 eodem
1622 1765 1848 1795 munerum
1881 1762 2067 1809 genere,
2103 1747 2265 1792 iisdem
2296 1762 2375 1792 ar-

261 1824 385 1880 mis,
423 1826 697 1870 ornamentis
742 1824 1121 1886 supellectileque
1169 1826 1359 1872 eandem
1407 1833 1548 1871 artem
1597 1825 1825 1871 referente
1869 1827 2106 1883 (ranarum
2149 1830 2372 1869 curvata-

262 1913 358 1944 rum
399 1898 594 1960 figuras,
645 1914 757 1960 quas
800 1900 1039 1947 Wlloelmi
1067 1903 1111 1946 in
1157 1901 1340 1948 orbibus
1384 1901 1573 1947 radiatis
1618 1899 1942 1963 deprehendit..
1986 1914 2068 1945 eas
2109 1911 2281 1945 vereor
2325 1904 2374 1943 ut

260 1975 491 2033 quisquam
522 1975 704 2019 videat:
747 1982 853 2018 sunt
885 1976 1065 2020 scilicet
1104 1976 1325 2021 homiuum
1359 1979 1599 2036 imagines·
1622 1977 1910 2030 saltantium]
1953 1978 2169 2018 extructa
2202 1980 2373 2028 esseut,

258 2048 360 2093 fieri
390 2063 480 2094 non
512 2064 667 2108 posse,
700 2051 805 2107 quin
838 2049 899 2094 ad
931 2050 1184 2096 Germanos
1202 2052 1544 2097 vindicarentur
1569 2054 1729 2096 omnia.
1792 2052 2069 2103 Raiserum,
2104 2050 2177 2106 qui
2216 2045 2375 2093 Celto-

268 2122 554 2179 Vindelico&
593 2124 865 2179 Roman-03,
896 2124 1393 2173 Saevo-Allemarmos
1425 2128 1695 2188 promiscue,
1736 2130 1785 2170 ut
1818 2126 1981 2184 quique
2012 2127 2056 2168 in
2090 2136 2206 2181 agro
2239 2121 2291 2166 N
2292 2137 2371 2166 or-

258 2195 852 2259 dendorpsconsedissent,
885 2212 968 2261 per
1002 2201 1088 2245 tria
1119 2200 1310 2247 saecula
1350 2201 1411 2247 ibi
1444 2199 1651 2248 humatos
1689 2214 1795 2246 esse
1824 2200 1997 2256 statuit,
2035 2199 2085 2254 ⁴)
2127 2201 2374 2258 propterea

259 2275 428 2317 erroris
470 2276 683 2320 convinci
726 2278 929 2336 putavit,
975 2276 1096 2336 quod
1136 2282 1410 2322 mortuorum
1450 2291 1647 2338 corpora
1689 2276 1850 2321 eodem
1892 2277 1981 2319 ritu
2024 2272 2210 2317 condita
2243 2278 2370 2316 certo

257 2347 477 2409 deinceps
509 2349 671 2395 ordine
702 2365 809 2396 sese
842 2353 1151 2412 excepissent,
1184 2352 1420 2398 Celtarum
1452 2359 1602 2398 autem
1635 2358 1682 2397 et
1704 2353 2007 2397 Romanorum
2039 2361 2187 2393 mores
2218 2348 2262 2390 in
2296 2346 2369 2389 su-

257 2422 439 2469 neribus
472 2422 763 2470 celebrandis
797 2425 1144 2486 sepulchrisque
1167 2426 1432 2473 ordinandis
1467 2434 1557 2473 tum
1590 2430 1707 2473 inter
1740 2441 1793 2472 se
1826 2423 2140 2477 dissedissent,
2174 2427 2263 2466 tum
2296 2420 2368 2465 di-

255 2499 507 2543 versissimi
550 2514 579 2544 a
621 2498 950 2546 Germanorum
993 2500 1205 2561 gentibus
1252 2502 1467 2560 fuissent,
1517 2516 1602 2548 uec
1663 2515 1748 2546 usu
1804 2500 1964 2546 venire
2018 2497 2266 2558 potuisset,
2317 2502 2365 2540 ut

257 2572 474 2621 Germani
505 2574 694 2636 capitali
726 2575 836 2621 odio
868 2578 913 2620 in
933 2577 1164 2622 Romanos
1196 2578 1369 2623 incensi
1400 2592 1511 2623 suos
1542 2584 1649 2638 post
1674 2580 1860 2621 mortem
1892 2571 2133 2633 quidquam
2164 2584 2264 2616 cuni
2295 2570 2367 2615 his

256 2661 488 2715 commune
518 2648 691 2695 habere
721 2651 913 2695 vellent.
981 2651 1208 2711 Quodque
1239 2665 1378 2708 vasa,
1427 2652 1612 2708 claves,
1657 2650 1849 2705 fibulae,
1891 2649 2010 2691 numi
2041 2646 2236 2692 Romani
2266 2659 2367 2690 cum

252 2734 386 2746 ———

389 2730 782 2750 -fl——n———.

314 2778 350 2828 ¹)
378 2779 434 2828 ef.
462 2778 706 2820 Karlsruher
731 2781 911 2834 Zeitung
942 2779 1056 2822 1845.
1083 2779 1137 2820 Ν.
1167 2780 1289 2824 156-
1300 2780 1388 2821 158.

304 2844 341 2895 ²)
362 2846 425 2895 tf.
453 2842 615 2896 praeter
639 2849 726 2888 libr.
756 2849 885 2898 cnsp.
913 2847 1082 2886 Zeussii
1104 2851 1187 2897 jam
1214 2849 1323 2890 citat.
1351 2853 1411 2885 et:
1438 2844 1882 2901 Real-Encyclopidie
1908 2857 1949 2883 v.
1980 2845 2026 2882 Α.
2052 2841 2188 2893 Pauly
2218 2841 2295 2882 nd.
2327 2840 2359 2879 Ι.

310 2971 352 3023 ⁸)
373 2918 429 3026 g.
453 2905 786 3031 {gig-Jahrgang
811 2977 903 3019 mes
928 2973 1177 3029 Doppelhefi
1202 2973 1317 3015 Μῐιῑ
1343 2988 1381 3016 u.
1409 2976 1525 3027 April
1555 2974 1667 3018 1845.
1696 2987 1736 3027 p.
1766 2970 1991 3019 283—291.

308 3040 347 3089 ⁴)
376 3043 431 3092 cf.
448 3040 714 3081 Combinirter
740 3042 1046 3082 Jahresbericht
1072 3048 1148 3082 etc.
1175 3042 1216 3081 J.
1248 3041 1360 3083 1842.
1388 3055 1427 3081 u.
1460 3040 1572 3083 1843.
1600 3054 1640 3093 p.
1669 3041 1734 3083 68.
2131 3063 2135 3067 -

2025 3107 2103 3155 4*
