<?xml version="1.0" encoding="UTF-8"?>
<!DOCTYPE html PUBLIC "-//W3C//DTD XHTML 1.0 Transitional//EN"
    "http://www.w3.org/TR/xhtml1/DTD/xhtml1-transitional.dtd">
<html xmlns="http://www.w3.org/1999/xhtml" xml:lang="en" lang="en">
 <head>
  <title>
</title>
<meta http-equiv="Content-Type" content="text/html;charset=utf-8" />
  <meta name='ocr-system' content='tesseract 3.04.00' />
  <meta name='ocr-capabilities' content='ocr_page ocr_carea ocr_par ocr_line ocrx_word'/>
</head>
<body>
  <div class='ocr_page' id='page_1' title='image "4764151_0026.png"; bbox 0 0 2645 3240; ppageno 0'>
   <div class='ocr_carea' id='block_1_1' title="bbox 1280 32 1361 127">
    <p class='ocr_par' dir='ltr' id='par_1_1' title="bbox 1280 32 1361 127">
     <span class='ocr_line' id='line_1_1' title="bbox 1280 32 1361 127; baseline 0.025 -2"><span class='ocrx_word' id='word_1_1' title='bbox 1280 32 1361 127; x_wconf 20' lang='lat'><strong>12*</strong></span> 
     </span>
    </p>
   </div>
   <div class='ocr_carea' id='block_1_2' title="bbox 1184 139 1453 148">
    <p class='ocr_par' dir='ltr' id='par_1_2' title="bbox 1184 139 1453 148">
     <span class='ocr_line' id='line_1_2' title="bbox 1184 139 1453 148; baseline 0 3092"><span class='ocrx_word' id='word_1_2' title='bbox 1184 139 1453 148; x_wconf 95' lang='lat' dir='ltr'><strong> </strong></span> 
     </span>
    </p>
   </div>
   <div class='ocr_carea' id='block_1_3' title="bbox 245 216 2384 2081">
    <p class='ocr_par' dir='ltr' id='par_1_3' title="bbox 246 216 2384 419">
     <span class='ocr_line' id='line_1_3' title="bbox 248 216 2384 277; baseline -0.001 -10"><span class='ocrx_word' id='word_1_3' title='bbox 248 222 341 267; x_wconf 88' lang='lat' dir='ltr'><strong>tab.</strong></span> <span class='ocrx_word' id='word_1_4' title='bbox 376 222 438 267; x_wconf 87' lang='lat'><strong>11.</strong></span> <span class='ocrx_word' id='word_1_5' title='bbox 483 222 556 267; x_wconf 87' lang='grc'><strong>17.</strong></span> <span class='ocrx_word' id='word_1_6' title='bbox 601 222 676 268; x_wconf 85' lang='grc'><strong>19.</strong></span> <span class='ocrx_word' id='word_1_7' title='bbox 726 221 802 266; x_wconf 89' lang='grc'><strong>20.</strong></span> <span class='ocrx_word' id='word_1_8' title='bbox 847 217 921 262; x_wconf 88' lang='grc'><strong>21.</strong></span> <span class='ocrx_word' id='word_1_9' title='bbox 961 220 1037 262; x_wconf 90' lang='grc'><strong>22.</strong></span> <span class='ocrx_word' id='word_1_10' title='bbox 1078 216 1153 263; x_wconf 85' lang='grc'><strong>23.</strong></span> <span class='ocrx_word' id='word_1_11' title='bbox 1199 218 1274 264; x_wconf 78' lang='grc'><strong>24.</strong></span> <span class='ocrx_word' id='word_1_12' title='bbox 1315 220 1393 264; x_wconf 91' lang='grc'><strong>25.</strong></span> <span class='ocrx_word' id='word_1_13' title='bbox 1438 220 1515 265; x_wconf 80' lang='grc'><strong>26.</strong></span> <span class='ocrx_word' id='word_1_14' title='bbox 1562 223 1640 266; x_wconf 88' lang='grc'><strong>27.</strong></span> <span class='ocrx_word' id='word_1_15' title='bbox 1681 223 1759 268; x_wconf 88' lang='grc'><strong>28.</strong></span> <span class='ocrx_word' id='word_1_16' title='bbox 1807 224 1883 269; x_wconf 78' lang='grc'><strong>29.</strong></span> <span class='ocrx_word' id='word_1_17' title='bbox 1924 221 1998 267; x_wconf 79' lang='grc'><strong>41.</strong></span> <span class='ocrx_word' id='word_1_18' title='bbox 2061 219 2384 277; x_wconf 61' lang='lat' dir='ltr'><strong>Quae-&amp;fibulis</strong></span> 
     </span>
     <span class='ocr_line' id='line_1_4' title="bbox 249 292 2381 358; baseline -0.001 -17"><span class='ocrx_word' id='word_1_19' title='bbox 249 295 323 341; x_wconf 77' lang='lat'><strong>19.</strong></span> <span class='ocrx_word' id='word_1_20' title='bbox 357 302 402 341; x_wconf 91' lang='lat' dir='ltr'><strong>et</strong></span> <span class='ocrx_word' id='word_1_21' title='bbox 435 295 510 341; x_wconf 79' lang='lat'><strong>41.</strong></span> <span class='ocrx_word' id='word_1_22' title='bbox 544 298 791 357; x_wconf 78' lang='lat' dir='ltr'><strong>descriptis</strong></span> <span class='ocrx_word' id='word_1_23' title='bbox 810 293 1064 339; x_wconf 85' lang='lat' dir='ltr'><strong>adbaerent</strong></span> <span class='ocrx_word' id='word_1_24' title='bbox 1097 292 1354 354; x_wconf 74' lang='lat' dir='ltr'>particulae</span> <span class='ocrx_word' id='word_1_25' title='bbox 1386 295 1503 339; x_wconf 90' lang='lat' dir='ltr'><strong>corii</strong></span> <span class='ocrx_word' id='word_1_26' title='bbox 1527 294 1731 356; x_wconf 82' lang='lat' dir='ltr'><strong>lignique</strong></span> <span class='ocrx_word' id='word_1_27' title='bbox 1762 312 1850 344; x_wconf 86' lang='lat' dir='ltr'><strong>eae</strong></span> <span class='ocrx_word' id='word_1_28' title='bbox 1881 301 2029 355; x_wconf 78' lang='lat' dir='ltr'><strong>Iacca,</strong></span> <span class='ocrx_word' id='word_1_29' title='bbox 2052 310 2183 358; x_wconf 80' lang='lat' dir='ltr'><strong>quam</strong></span> <span class='ocrx_word' id='word_1_30' title='bbox 2207 293 2381 351; x_wconf 64' lang='lat' dir='ltr'><strong>din-t,</strong></span> 
     </span>
     <span class='ocr_line' id='line_1_5' title="bbox 246 371 632 419; baseline -0.003 -1"><span class='ocrx_word' id='word_1_31' title='bbox 246 371 481 419; x_wconf 86' lang='lat' dir='ltr'><strong>obductae</strong></span> <span class='ocrx_word' id='word_1_32' title='bbox 513 378 632 418; x_wconf 75' lang='lat' dir='ltr'><strong>sunt,</strong></span> 
     </span>
    </p>

    <p class='ocr_par' dir='ltr' id='par_1_4' title="bbox 245 445 2380 657">
     <span class='ocr_line' id='line_1_6' title="bbox 373 445 2380 510; baseline -0.001 -17"><span class='ocrx_word' id='word_1_33' title='bbox 373 447 516 493; x_wconf 88' lang='lat' dir='ltr'><strong>Adde</strong></span> <span class='ocrx_word' id='word_1_34' title='bbox 530 449 665 493; x_wconf 88' lang='lat' dir='ltr'><strong>etiam</strong></span> <span class='ocrx_word' id='word_1_35' title='bbox 680 448 888 510; x_wconf 75' lang='lat' dir='ltr'><strong>fibulam,</strong></span> <span class='ocrx_word' id='word_1_36' title='bbox 921 459 1011 504; x_wconf 88' lang='lat' dir='ltr'><strong>qua</strong></span> <span class='ocrx_word' id='word_1_37' title='bbox 1030 460 1188 505; x_wconf 86' lang='lat' dir='ltr'><strong>sagum</strong></span> <span class='ocrx_word' id='word_1_38' title='bbox 1207 445 1541 491; x_wconf 77' lang='lat' dir='ltr'><strong>connectebant</strong></span> <span class='ocrx_word' id='word_1_39' title='bbox 1560 447 1605 490; x_wconf 90' lang='lat' dir='ltr'><strong>in</strong></span> <span class='ocrx_word' id='word_1_40' title='bbox 1628 446 1720 491; x_wconf 83' lang='lat' dir='ltr'><strong>tab.</strong></span> <span class='ocrx_word' id='word_1_41' title='bbox 1742 448 1781 492; x_wconf 92' lang='lat'><strong>1.</strong></span> <span class='ocrx_word' id='word_1_42' title='bbox 1800 447 1877 495; x_wconf 82' lang='grc'><strong>35.</strong></span> <span class='ocrx_word' id='word_1_43' title='bbox 1897 451 2208 510; x_wconf 71' lang='lat' dir='ltr'><strong>armillaeque</strong></span> <span class='ocrx_word' id='word_1_44' title='bbox 2222 449 2268 492; x_wconf 89' lang='lat' dir='ltr'><strong>in</strong></span> <span class='ocrx_word' id='word_1_45' title='bbox 2286 445 2380 493; x_wconf 77' lang='lat' dir='ltr'><strong>tab.</strong></span> 
     </span>
     <span class='ocr_line' id='line_1_7' title="bbox 245 521 2376 582; baseline -0 -14"><span class='ocrx_word' id='word_1_46' title='bbox 245 524 304 568; x_wconf 89' lang='lat'><strong>11.</strong></span> <span class='ocrx_word' id='word_1_47' title='bbox 338 524 411 568; x_wconf 87' lang='grc'><strong>72.</strong></span> <span class='ocrx_word' id='word_1_48' title='bbox 444 523 518 568; x_wconf 54' lang='grc'><strong>75).</strong></span> <span class='ocrx_word' id='word_1_49' title='bbox 552 522 626 566; x_wconf 89' lang='grc'><strong>77.</strong></span> <span class='ocrx_word' id='word_1_50' title='bbox 660 521 733 568; x_wconf 75' lang='lat'><strong>&#39;78-</strong></span> <span class='ocrx_word' id='word_1_51' title='bbox 789 525 1187 581; x_wconf 84' lang='lat' dir='ltr'><strong>repraesentatas,</strong></span> <span class='ocrx_word' id='word_1_52' title='bbox 1230 522 1468 582; x_wconf 73' lang='lat' dir='ltr'><strong>frenaque</strong></span> <span class='ocrx_word' id='word_1_53' title='bbox 1500 533 1716 580; x_wconf 87' lang='lat' dir='ltr'><strong>equorum</strong></span> <span class='ocrx_word' id='word_1_54' title='bbox 1757 528 1806 567; x_wconf 91' lang='lat' dir='ltr'><strong>et</strong></span> <span class='ocrx_word' id='word_1_55' title='bbox 1834 524 2001 570; x_wconf 81' lang='lat' dir='ltr'><strong>calcar</strong></span> <span class='ocrx_word' id='word_1_56' title='bbox 2038 523 2198 569; x_wconf 85' lang='lat' dir='ltr'><strong>eadem</strong></span> <span class='ocrx_word' id='word_1_57' title='bbox 2229 521 2376 569; x_wconf 76' lang='lat' dir='ltr'><strong>forna</strong></span> 
     </span>
     <span class='ocr_line' id='line_1_8' title="bbox 247 594 2379 657; baseline -0.001 -15"><span class='ocrx_word' id='word_1_58' title='bbox 247 599 444 643; x_wconf 83' lang='lat' dir='ltr'><strong>eflictum</strong></span> <span class='ocrx_word' id='word_1_59' title='bbox 477 603 617 657; x_wconf 88' lang='lat' dir='ltr'><strong>atque</strong></span> <span class='ocrx_word' id='word_1_60' title='bbox 649 597 957 642; x_wconf 87' lang='lat' dir='ltr'><strong>Romanorum</strong></span> <span class='ocrx_word' id='word_1_61' title='bbox 994 595 1081 652; x_wconf 87' lang='grc' dir='ltr'><strong>(Τ.</strong></span> <span class='ocrx_word' id='word_1_62' title='bbox 1113 596 1149 641; x_wconf 89' lang='lat'><strong>1.</strong></span> <span class='ocrx_word' id='word_1_63' title='bbox 1181 596 1301 652; x_wconf 60' lang='lat'><strong>5⁷0,</strong></span> <span class='ocrx_word' id='word_1_64' title='bbox 1337 610 1423 642; x_wconf 90' lang='lat' dir='ltr'><strong>nec</strong></span> <span class='ocrx_word' id='word_1_65' title='bbox 1457 611 1544 642; x_wconf 90' lang='lat' dir='ltr'><strong>non</strong></span> <span class='ocrx_word' id='word_1_66' title='bbox 1577 598 1765 643; x_wconf 77' lang='lat' dir='ltr'><strong>clavum</strong></span> <span class='ocrx_word' id='word_1_67' title='bbox 1795 596 2032 643; x_wconf 73' lang='lat' dir='ltr'><strong>trabalem.</strong></span> <span class='ocrx_word' id='word_1_68' title='bbox 2073 599 2160 656; x_wconf 85' lang='grc' dir='ltr'><strong>(Τ.</strong></span> <span class='ocrx_word' id='word_1_69' title='bbox 2179 597 2240 644; x_wconf 90' lang='lat'><strong>11.</strong></span> <span class='ocrx_word' id='word_1_70' title='bbox 2271 594 2379 653; x_wconf 75' lang='lat'><strong>53.)</strong></span> 
     </span>
    </p>

    <p class='ocr_par' dir='ltr' id='par_1_5' title="bbox 246 670 2382 2081">
     <span class='ocr_line' id='line_1_9' title="bbox 373 670 2382 731; baseline 0 -14"><span class='ocrx_word' id='word_1_71' title='bbox 373 671 477 718; x_wconf 86' lang='lat' dir='ltr'><strong>Sed</strong></span> <span class='ocrx_word' id='word_1_72' title='bbox 509 671 628 717; x_wconf 88' lang='lat' dir='ltr'><strong>haec</strong></span> <span class='ocrx_word' id='word_1_73' title='bbox 664 672 886 717; x_wconf 82' lang='lat' dir='ltr'><strong>hactenus</strong></span> <span class='ocrx_word' id='word_1_74' title='bbox 920 670 981 715; x_wconf 92' lang='lat' dir='ltr'><strong>de</strong></span> <span class='ocrx_word' id='word_1_75' title='bbox 1013 673 1147 715; x_wconf 89' lang='lat' dir='ltr'><strong>armis</strong></span> <span class='ocrx_word' id='word_1_76' title='bbox 1180 670 1457 730; x_wconf 88' lang='lat' dir='ltr'><strong>militiaeque</strong></span> <span class='ocrx_word' id='word_1_77' title='bbox 1488 676 1728 731; x_wconf 83' lang='lat' dir='ltr'><strong>apparatu.</strong></span> <span class='ocrx_word' id='word_1_78' title='bbox 1776 672 1900 716; x_wconf 84' lang='lat' dir='ltr'><strong>Nam</strong></span> <span class='ocrx_word' id='word_1_79' title='bbox 1939 678 2136 717; x_wconf 73' lang='lat' dir='ltr'><strong>catenae</strong></span> <span class='ocrx_word' id='word_1_80' title='bbox 2177 673 2382 718; x_wconf 70' lang='lat' dir='ltr'><strong>alemus</strong></span> 
     </span>
     <span class='ocr_line' id='line_1_10' title="bbox 248 744 2382 806; baseline -0.001 -14"><span class='ocrx_word' id='word_1_81' title='bbox 248 747 426 792; x_wconf 81' lang='lat' dir='ltr'><strong>affabre</strong></span> <span class='ocrx_word' id='word_1_82' title='bbox 459 752 597 806; x_wconf 88' lang='lat' dir='ltr'><strong>atque</strong></span> <span class='ocrx_word' id='word_1_83' title='bbox 632 747 800 792; x_wconf 85' lang='lat' dir='ltr'><strong>eximio</strong></span> <span class='ocrx_word' id='word_1_84' title='bbox 823 745 1018 790; x_wconf 87' lang='lat' dir='ltr'><strong>artificio</strong></span> <span class='ocrx_word' id='word_1_85' title='bbox 1052 744 1203 790; x_wconf 74' lang='lat' dir='ltr'><strong>factas</strong></span> <span class='ocrx_word' id='word_1_86' title='bbox 1233 747 1544 805; x_wconf 84' lang='lat' dir='ltr'><strong>aerugineque</strong></span> <span class='ocrx_word' id='word_1_87' title='bbox 1565 760 1692 791; x_wconf 74' lang='lat' dir='ltr'><strong>nunc</strong></span> <span class='ocrx_word' id='word_1_88' title='bbox 1722 745 2012 800; x_wconf 57' lang='lat' dir='ltr'><strong>nobilium,</strong></span> <span class='ocrx_word' id='word_1_89' title='bbox 2047 760 2233 805; x_wconf 81' lang='lat' dir='ltr'><strong>quarum</strong></span> <span class='ocrx_word' id='word_1_90' title='bbox 2264 746 2382 794; x_wconf 87' lang='lat' dir='ltr'><strong>terni</strong></span> 
     </span>
     <span class='ocr_line' id='line_1_11' title="bbox 252 819 2378 878; baseline 0 -11"><span class='ocrx_word' id='word_1_91' title='bbox 252 823 521 868; x_wconf 88' lang='lat' dir='ltr'><strong>annulorum</strong></span> <span class='ocrx_word' id='word_1_92' title='bbox 554 822 740 868; x_wconf 83' lang='lat' dir='ltr'><strong>ordines</strong></span> <span class='ocrx_word' id='word_1_93' title='bbox 781 820 915 866; x_wconf 89' lang='lat' dir='ltr'><strong>medii</strong></span> <span class='ocrx_word' id='word_1_94' title='bbox 950 821 1187 865; x_wconf 90' lang='lat' dir='ltr'><strong>ornatione</strong></span> <span class='ocrx_word' id='word_1_95' title='bbox 1221 819 1415 878; x_wconf 87' lang='lat' dir='ltr'><strong>quadam</strong></span> <span class='ocrx_word' id='word_1_96' title='bbox 1450 834 1598 865; x_wconf 87' lang='lat' dir='ltr'><strong>rosam</strong></span> <span class='ocrx_word' id='word_1_97' title='bbox 1619 820 1823 867; x_wconf 83' lang='lat' dir='ltr'><strong>sortasse</strong></span> <span class='ocrx_word' id='word_1_98' title='bbox 1856 823 2056 867; x_wconf 78' lang='lat' dir='ltr'><strong>imitante</strong></span> <span class='ocrx_word' id='word_1_99' title='bbox 2076 823 2378 878; x_wconf 84' lang='lat' dir='ltr'><strong>continentur,</strong></span> 
     </span>
     <span class='ocr_line' id='line_1_12' title="bbox 246 893 2380 960; baseline -0.001 -16"><span class='ocrx_word' id='word_1_100' title='bbox 246 900 513 960; x_wconf 82' lang='lat' dir='ltr'><strong>superiores</strong></span> <span class='ocrx_word' id='word_1_101' title='bbox 556 904 603 943; x_wconf 91' lang='lat' dir='ltr'><strong>et</strong></span> <span class='ocrx_word' id='word_1_102' title='bbox 645 897 795 943; x_wconf 88' lang='lat' dir='ltr'><strong>crucis</strong></span> <span class='ocrx_word' id='word_1_103' title='bbox 827 897 961 957; x_wconf 83' lang='lat' dir='ltr'><strong>signo</strong></span> <span class='ocrx_word' id='word_1_104' title='bbox 985 894 1195 955; x_wconf 81' lang='lat' dir='ltr'><strong>colligati</strong></span> <span class='ocrx_word' id='word_1_105' title='bbox 1230 909 1313 956; x_wconf 90' lang='lat' dir='ltr'><strong>per</strong></span> <span class='ocrx_word' id='word_1_106' title='bbox 1334 893 1611 941; x_wconf 85' lang='lat' dir='ltr'><strong>dimidiatum</strong></span> <span class='ocrx_word' id='word_1_107' title='bbox 1644 896 1798 942; x_wconf 79' lang='lat' dir='ltr'><strong>orbem</strong></span> <span class='ocrx_word' id='word_1_108' title='bbox 1830 898 1875 942; x_wconf 90' lang='lat' dir='ltr'><strong>in</strong></span> <span class='ocrx_word' id='word_1_109' title='bbox 1898 895 2089 958; x_wconf 81' lang='lat' dir='ltr'><strong>figuram</strong></span> <span class='ocrx_word' id='word_1_110' title='bbox 2113 895 2380 956; x_wconf 73' lang='lat' dir='ltr'><strong>quadratam</strong></span> 
     </span>
     <span class='ocr_line' id='line_1_13' title="bbox 248 969 2381 1033; baseline -0.001 -15"><span class='ocrx_word' id='word_1_111' title='bbox 248 988 439 1033; x_wconf 87' lang='lat' dir='ltr'><strong>eamque</strong></span> <span class='ocrx_word' id='word_1_112' title='bbox 456 972 721 1018; x_wconf 85' lang='lat' dir='ltr'><strong>versatilem</strong></span> <span class='ocrx_word' id='word_1_113' title='bbox 740 977 924 1026; x_wconf 87' lang='lat' dir='ltr'><strong>exeunt,</strong></span> <span class='ocrx_word' id='word_1_114' title='bbox 950 969 1194 1016; x_wconf 87' lang='lat' dir='ltr'><strong>inferiores</strong></span> <span class='ocrx_word' id='word_1_115' title='bbox 1216 973 1257 1015; x_wconf 92' lang='lat' dir='ltr'><strong>in</strong></span> <span class='ocrx_word' id='word_1_116' title='bbox 1284 969 1523 1015; x_wconf 88' lang='lat' dir='ltr'><strong>tridentem</strong></span> <span class='ocrx_word' id='word_1_117' title='bbox 1548 970 1773 1028; x_wconf 89' lang='lat' dir='ltr'><strong>desinunt,</strong></span> <span class='ocrx_word' id='word_1_118' title='bbox 1793 972 1877 1017; x_wconf 85' lang='lat' dir='ltr'><strong>has</strong></span> <span class='ocrx_word' id='word_1_119' title='bbox 1903 974 2041 1033; x_wconf 86' lang='lat' dir='ltr'><strong>igitur</strong></span> <span class='ocrx_word' id='word_1_120' title='bbox 2066 977 2255 1017; x_wconf 87' lang='lat' dir='ltr'><strong>catenas</strong></span> <span class='ocrx_word' id='word_1_121' title='bbox 2276 986 2381 1016; x_wconf 79' lang='lat' dir='ltr'><strong>num</strong></span> 
     </span>
     <span class='ocr_line' id='line_1_14' title="bbox 246 1044 2382 1108; baseline -0 -15"><span class='ocrx_word' id='word_1_122' title='bbox 246 1049 461 1093; x_wconf 84' lang='lat' dir='ltr'><strong>militibus</strong></span> <span class='ocrx_word' id='word_1_123' title='bbox 481 1047 738 1092; x_wconf 83' lang='lat' dir='ltr'><strong>adscribam</strong></span> <span class='ocrx_word' id='word_1_124' title='bbox 761 1045 933 1091; x_wconf 88' lang='lat' dir='ltr'><strong>dubito.</strong></span> <span class='ocrx_word' id='word_1_125' title='bbox 998 1046 1105 1091; x_wconf 88' lang='lat' dir='ltr'><strong>Hoc</strong></span> <span class='ocrx_word' id='word_1_126' title='bbox 1138 1045 1319 1104; x_wconf 89' lang='lat' dir='ltr'><strong>quidem</strong></span> <span class='ocrx_word' id='word_1_127' title='bbox 1351 1044 1653 1092; x_wconf 87' lang='lat' dir='ltr'><strong>deliberatum</strong></span> <span class='ocrx_word' id='word_1_128' title='bbox 1681 1046 1783 1092; x_wconf 89' lang='lat' dir='ltr'><strong>mibi</strong></span> <span class='ocrx_word' id='word_1_129' title='bbox 1816 1053 1903 1104; x_wconf 84' lang='lat' dir='ltr'><strong>est,</strong></span> <span class='ocrx_word' id='word_1_130' title='bbox 1937 1062 2092 1093; x_wconf 90' lang='lat' dir='ltr'><strong>eorum</strong></span> <span class='ocrx_word' id='word_1_131' title='bbox 2126 1048 2382 1108; x_wconf 86' lang='lat' dir='ltr'><strong>opinionem</strong></span> 
     </span>
     <span class='ocr_line' id='line_1_15' title="bbox 247 1121 2381 1184; baseline -0.002 -14"><span class='ocrx_word' id='word_1_132' title='bbox 247 1126 462 1184; x_wconf 83' lang='lat' dir='ltr'><strong>rejicere,</strong></span> <span class='ocrx_word' id='word_1_133' title='bbox 496 1125 569 1183; x_wconf 90' lang='lat' dir='ltr'><strong>qui</strong></span> <span class='ocrx_word' id='word_1_134' title='bbox 604 1128 794 1168; x_wconf 88' lang='lat' dir='ltr'><strong>catenas</strong></span> <span class='ocrx_word' id='word_1_135' title='bbox 829 1121 1022 1182; x_wconf 81' lang='lat' dir='ltr'><strong>flagella</strong></span> <span class='ocrx_word' id='word_1_136' title='bbox 1054 1123 1158 1168; x_wconf 91' lang='lat' dir='ltr'><strong>sive</strong></span> <span class='ocrx_word' id='word_1_137' title='bbox 1192 1123 1422 1167; x_wconf 89' lang='lat' dir='ltr'><strong>cruciatus</strong></span> <span class='ocrx_word' id='word_1_138' title='bbox 1454 1124 1752 1169; x_wconf 85' lang='lat' dir='ltr'><strong>instrumenta</strong></span> <span class='ocrx_word' id='word_1_139' title='bbox 1784 1123 1928 1170; x_wconf 86' lang='lat' dir='ltr'><strong>fuisse</strong></span> <span class='ocrx_word' id='word_1_140' title='bbox 1956 1122 2162 1169; x_wconf 88' lang='lat' dir='ltr'><strong>credunt.</strong></span> <span class='ocrx_word' id='word_1_141' title='bbox 2225 1121 2381 1182; x_wconf 82' lang='lat' dir='ltr'><strong>Magis</strong></span> 
     </span>
     <span class='ocr_line' id='line_1_16' title="bbox 246 1197 2381 1261; baseline -0.001 -18"><span class='ocrx_word' id='word_1_142' title='bbox 246 1200 454 1261; x_wconf 85' lang='lat' dir='ltr'><strong>placeret</strong></span> <span class='ocrx_word' id='word_1_143' title='bbox 488 1197 613 1257; x_wconf 91' lang='lat' dir='ltr'><strong>quod</strong></span> <span class='ocrx_word' id='word_1_144' title='bbox 652 1197 732 1241; x_wconf 89' lang='lat' dir='ltr'><strong>alii</strong></span> <span class='ocrx_word' id='word_1_145' title='bbox 766 1197 924 1249; x_wconf 83' lang='lat' dir='ltr'><strong>dicunt</strong></span> <span class='ocrx_word' id='word_1_146' title='bbox 957 1198 1273 1256; x_wconf 87' lang='lat' dir='ltr'><strong>conjecturam</strong></span> <span class='ocrx_word' id='word_1_147' title='bbox 1307 1210 1334 1242; x_wconf 92' lang='lat' dir='ltr'><strong>e</strong></span> <span class='ocrx_word' id='word_1_148' title='bbox 1367 1211 1505 1243; x_wconf 90' lang='lat' dir='ltr'><strong>cruce</strong></span> <span class='ocrx_word' id='word_1_149' title='bbox 1551 1200 1801 1259; x_wconf 84' lang='lat' dir='ltr'><strong>capientes,</strong></span> <span class='ocrx_word' id='word_1_150' title='bbox 1834 1197 2055 1244; x_wconf 88' lang='lat' dir='ltr'><strong>hominem</strong></span> <span class='ocrx_word' id='word_1_151' title='bbox 2087 1197 2381 1243; x_wconf 83' lang='lat' dir='ltr'><strong>christianum</strong></span> 
     </span>
     <span class='ocr_line' id='line_1_17' title="bbox 252 1272 2382 1333; baseline -0.001 -14"><span class='ocrx_word' id='word_1_152' title='bbox 252 1288 444 1333; x_wconf 88' lang='lat' dir='ltr'><strong>eumque</strong></span> <span class='ocrx_word' id='word_1_153' title='bbox 487 1272 754 1317; x_wconf 87' lang='lat' dir='ltr'><strong>sacerdotio</strong></span> <span class='ocrx_word' id='word_1_154' title='bbox 788 1272 987 1317; x_wconf 86' lang='lat' dir='ltr'><strong>sunctum</strong></span> <span class='ocrx_word' id='word_1_155' title='bbox 1007 1272 1257 1331; x_wconf 84' lang='lat' dir='ltr'><strong>designari,</strong></span> <span class='ocrx_word' id='word_1_156' title='bbox 1290 1274 1328 1316; x_wconf 88' lang='lat' dir='ltr'><strong>si</strong></span> <span class='ocrx_word' id='word_1_157' title='bbox 1356 1273 1492 1319; x_wconf 88' lang='lat' dir='ltr'><strong>modo</strong></span> <span class='ocrx_word' id='word_1_158' title='bbox 1526 1272 1629 1318; x_wconf 89' lang='lat' dir='ltr'><strong>aliis</strong></span> <span class='ocrx_word' id='word_1_159' title='bbox 1660 1274 2000 1333; x_wconf 82' lang='lat' dir='ltr'><strong>manifestisque</strong></span> <span class='ocrx_word' id='word_1_160' title='bbox 2039 1274 2305 1318; x_wconf 82' lang='lat' dir='ltr'><strong>testimoniis</strong></span> <span class='ocrx_word' id='word_1_161' title='bbox 2335 1277 2382 1316; x_wconf 85' lang='lat' dir='ltr'><strong>et</strong></span> 
     </span>
     <span class='ocr_line' id='line_1_18' title="bbox 252 1346 2381 1409; baseline -0 -17"><span class='ocrx_word' id='word_1_162' title='bbox 252 1349 538 1394; x_wconf 88' lang='lat' dir='ltr'><strong>documentis</strong></span> <span class='ocrx_word' id='word_1_163' title='bbox 558 1347 746 1405; x_wconf 88' lang='lat' dir='ltr'><strong>(lamina</strong></span> <span class='ocrx_word' id='word_1_164' title='bbox 769 1348 885 1391; x_wconf 89' lang='lat' dir='ltr'><strong>enim</strong></span> <span class='ocrx_word' id='word_1_165' title='bbox 919 1346 1059 1398; x_wconf 83' lang='lat' dir='ltr'><strong>(Tab.</strong></span> <span class='ocrx_word' id='word_1_166' title='bbox 1080 1348 1117 1391; x_wconf 92' lang='lat'><strong>1.</strong></span> <span class='ocrx_word' id='word_1_167' title='bbox 1143 1348 1219 1407; x_wconf 84' lang='lat' dir='ltr'><strong>fig.</strong></span> <span class='ocrx_word' id='word_1_168' title='bbox 1241 1347 1343 1403; x_wconf 74' lang='grc'><strong>24.)</strong></span> <span class='ocrx_word' id='word_1_169' title='bbox 1377 1348 1600 1406; x_wconf 88' lang='lat' dir='ltr'><strong>quadrata</strong></span> <span class='ocrx_word' id='word_1_170' title='bbox 1628 1349 1855 1409; x_wconf 82' lang='lat' dir='ltr'><strong>bullisque</strong></span> <span class='ocrx_word' id='word_1_171' title='bbox 1885 1351 1929 1393; x_wconf 92' lang='lat' dir='ltr'><strong>in</strong></span> <span class='ocrx_word' id='word_1_172' title='bbox 1966 1347 2135 1408; x_wconf 83' lang='lat' dir='ltr'><strong>angulo</strong></span> <span class='ocrx_word' id='word_1_173' title='bbox 2165 1346 2381 1392; x_wconf 89' lang='lat' dir='ltr'><strong>distincta</strong></span> 
     </span>
     <span class='ocr_line' id='line_1_19' title="bbox 249 1420 2380 1483; baseline 0 -16"><span class='ocrx_word' id='word_1_174' title='bbox 249 1423 371 1468; x_wconf 89' lang='lat' dir='ltr'><strong>haud</strong></span> <span class='ocrx_word' id='word_1_175' title='bbox 392 1425 492 1469; x_wconf 92' lang='lat' dir='ltr'><strong>scio</strong></span> <span class='ocrx_word' id='word_1_176' title='bbox 520 1438 577 1466; x_wconf 88' lang='lat' dir='ltr'><strong>an</strong></span> <span class='ocrx_word' id='word_1_177' title='bbox 606 1437 695 1468; x_wconf 92' lang='lat' dir='ltr'><strong>non</strong></span> <span class='ocrx_word' id='word_1_178' title='bbox 715 1423 776 1466; x_wconf 89' lang='lat' dir='ltr'><strong>sit</strong></span> <span class='ocrx_word' id='word_1_179' title='bbox 793 1420 1050 1467; x_wconf 88' lang='lat' dir='ltr'><strong>documenti</strong></span> <span class='ocrx_word' id='word_1_180' title='bbox 1069 1422 1205 1478; x_wconf 83' lang='lat' dir='ltr'><strong>loco]</strong></span> <span class='ocrx_word' id='word_1_181' title='bbox 1227 1424 1378 1469; x_wconf 88' lang='lat' dir='ltr'><strong>evinci</strong></span> <span class='ocrx_word' id='word_1_182' title='bbox 1402 1427 1574 1483; x_wconf 88' lang='lat' dir='ltr'><strong>posset,</strong></span> <span class='ocrx_word' id='word_1_183' title='bbox 1603 1437 1665 1469; x_wconf 83' lang='lat' dir='ltr'><strong>ex</strong></span> <span class='ocrx_word' id='word_1_184' title='bbox 1685 1425 1754 1480; x_wconf 89' lang='lat' dir='ltr'><strong>iis,</strong></span> <span class='ocrx_word' id='word_1_185' title='bbox 1777 1426 1850 1482; x_wconf 89' lang='lat' dir='ltr'><strong>qui</strong></span> <span class='ocrx_word' id='word_1_186' title='bbox 1873 1425 1918 1468; x_wconf 92' lang='lat' dir='ltr'><strong>in</strong></span> <span class='ocrx_word' id='word_1_187' title='bbox 1937 1437 2053 1482; x_wconf 88' lang='lat' dir='ltr'><strong>agro</strong></span> <span class='ocrx_word' id='word_1_188' title='bbox 2070 1422 2118 1467; x_wconf 94' lang='lat' dir='ltr'><strong>N</strong></span> <span class='ocrx_word' id='word_1_189' title='bbox 2122 1420 2380 1468; x_wconf 90' lang='lat' dir='ltr'><strong>ordendor-</strong></span> 
     </span>
     <span class='ocr_line' id='line_1_20' title="bbox 246 1496 2380 1560; baseline -0 -18"><span class='ocrx_word' id='word_1_190' title='bbox 246 1500 377 1560; x_wconf 77' lang='lat' dir='ltr'><strong>pensi</strong></span> <span class='ocrx_word' id='word_1_191' title='bbox 396 1497 563 1559; x_wconf 81' lang='lat' dir='ltr'><strong>sepulti</strong></span> <span class='ocrx_word' id='word_1_192' title='bbox 599 1502 744 1553; x_wconf 82' lang='lat' dir='ltr'><strong>erant,</strong></span> <span class='ocrx_word' id='word_1_193' title='bbox 782 1496 1028 1542; x_wconf 86' lang='lat' dir='ltr'><strong>nonnullos</strong></span> <span class='ocrx_word' id='word_1_194' title='bbox 1061 1496 1311 1556; x_wconf 80' lang='lat' dir='ltr'><strong>aliquando</strong></span> <span class='ocrx_word' id='word_1_195' title='bbox 1344 1499 1522 1543; x_wconf 85' lang='lat' dir='ltr'><strong>auctori</strong></span> <span class='ocrx_word' id='word_1_196' title='bbox 1555 1497 1719 1543; x_wconf 87' lang='lat' dir='ltr'><strong>salutis</strong></span> <span class='ocrx_word' id='word_1_197' title='bbox 1752 1504 1939 1544; x_wconf 87' lang='lat' dir='ltr'><strong>nostrae</strong></span> <span class='ocrx_word' id='word_1_198' title='bbox 1973 1503 2192 1543; x_wconf 81' lang='lat' dir='ltr'><strong>aeternae</strong></span> <span class='ocrx_word' id='word_1_199' title='bbox 2217 1509 2380 1543; x_wconf 84' lang='lat' dir='ltr'><strong>nomen</strong></span> 
     </span>
     <span class='ocr_line' id='line_1_21' title="bbox 246 1572 2378 1631; baseline -0.001 -14"><span class='ocrx_word' id='word_1_200' title='bbox 246 1574 449 1617; x_wconf 84' lang='lat' dir='ltr'><strong>dedisse.</strong></span> <span class='ocrx_word' id='word_1_201' title='bbox 497 1573 777 1631; x_wconf 85' lang='lat' dir='ltr'><strong>Quamquam</strong></span> <span class='ocrx_word' id='word_1_202' title='bbox 796 1586 884 1615; x_wconf 91' lang='lat' dir='ltr'><strong>non</strong></span> <span class='ocrx_word' id='word_1_203' title='bbox 911 1572 1105 1626; x_wconf 77' lang='lat' dir='ltr'><strong>inficior,</strong></span> <span class='ocrx_word' id='word_1_204' title='bbox 1139 1572 1379 1616; x_wconf 89' lang='lat' dir='ltr'><strong>doctrinae</strong></span> <span class='ocrx_word' id='word_1_205' title='bbox 1398 1572 1618 1617; x_wconf 88' lang='lat' dir='ltr'><strong>divinitus</strong></span> <span class='ocrx_word' id='word_1_206' title='bbox 1646 1573 1879 1618; x_wconf 85' lang='lat' dir='ltr'><strong>nobiscum</strong></span> <span class='ocrx_word' id='word_1_207' title='bbox 1902 1575 2259 1618; x_wconf 85' lang='lat' dir='ltr'><strong>communicatae</strong></span> <span class='ocrx_word' id='word_1_208' title='bbox 2291 1574 2378 1615; x_wconf 88' lang='lat' dir='ltr'><strong>ini-</strong></span> 
     </span>
     <span class='ocr_line' id='line_1_22' title="bbox 249 1645 2380 1709; baseline -0 -17"><span class='ocrx_word' id='word_1_209' title='bbox 249 1651 356 1692; x_wconf 86' lang='lat' dir='ltr'><strong>tium</strong></span> <span class='ocrx_word' id='word_1_210' title='bbox 392 1649 527 1691; x_wconf 88' lang='lat' dir='ltr'><strong>tertio</strong></span> <span class='ocrx_word' id='word_1_211' title='bbox 562 1654 668 1706; x_wconf 88' lang='lat' dir='ltr'><strong>post</strong></span> <span class='ocrx_word' id='word_1_212' title='bbox 701 1645 932 1692; x_wconf 83' lang='lat' dir='ltr'><strong>Christum</strong></span> <span class='ocrx_word' id='word_1_213' title='bbox 966 1647 1158 1690; x_wconf 87' lang='lat' dir='ltr'><strong>saeculo</strong></span> <span class='ocrx_word' id='word_1_214' title='bbox 1191 1653 1238 1690; x_wconf 90' lang='lat' dir='ltr'><strong>et</strong></span> <span class='ocrx_word' id='word_1_215' title='bbox 1270 1649 1314 1689; x_wconf 86' lang='lat' dir='ltr'><strong>iu</strong></span> <span class='ocrx_word' id='word_1_216' title='bbox 1349 1646 1656 1691; x_wconf 87' lang='lat' dir='ltr'><strong>Vindeliciam</strong></span> <span class='ocrx_word' id='word_1_217' title='bbox 1689 1662 1795 1693; x_wconf 88' lang='lat' dir='ltr'><strong>esse</strong></span> <span class='ocrx_word' id='word_1_218' title='bbox 1831 1656 2132 1709; x_wconf 76' lang='lat' dir='ltr'><strong>propagatum</strong></span> <span class='ocrx_word' id='word_1_219' title='bbox 2155 1649 2216 1705; x_wconf 63' lang='lat'><strong>¹).</strong></span> <span class='ocrx_word' id='word_1_220' title='bbox 2277 1646 2380 1692; x_wconf 85' lang='lat' dir='ltr'><strong>Sed</strong></span> 
     </span>
     <span class='ocr_line' id='line_1_23' title="bbox 248 1719 2380 1784; baseline 0 -17"><span class='ocrx_word' id='word_1_221' title='bbox 248 1722 402 1782; x_wconf 88' lang='lat' dir='ltr'><strong>quidni</strong></span> <span class='ocrx_word' id='word_1_222' title='bbox 435 1721 628 1767; x_wconf 88' lang='lat' dir='ltr'><strong>ornandi</strong></span> <span class='ocrx_word' id='word_1_223' title='bbox 647 1735 792 1767; x_wconf 84' lang='lat' dir='ltr'><strong>causa</strong></span> <span class='ocrx_word' id='word_1_224' title='bbox 824 1735 1005 1766; x_wconf 88' lang='lat' dir='ltr'><strong>crucem</strong></span> <span class='ocrx_word' id='word_1_225' title='bbox 1039 1719 1285 1766; x_wconf 87' lang='lat' dir='ltr'><strong>adhibitam</strong></span> <span class='ocrx_word' id='word_1_226' title='bbox 1319 1737 1426 1768; x_wconf 89' lang='lat' dir='ltr'><strong>esse</strong></span> <span class='ocrx_word' id='word_1_227' title='bbox 1457 1723 1685 1769; x_wconf 82' lang='lat' dir='ltr'><strong>credibile</strong></span> <span class='ocrx_word' id='word_1_228' title='bbox 1715 1726 1791 1779; x_wconf 83' lang='lat' dir='ltr'><strong>sit,</strong></span> <span class='ocrx_word' id='word_1_229' title='bbox 1825 1724 2093 1784; x_wconf 87' lang='lat' dir='ltr'><strong>praesertim</strong></span> <span class='ocrx_word' id='word_1_230' title='bbox 2126 1737 2259 1781; x_wconf 86' lang='lat' dir='ltr'><strong>quum</strong></span> <span class='ocrx_word' id='word_1_231' title='bbox 2288 1721 2380 1767; x_wconf 86' lang='lat' dir='ltr'><strong>hoc</strong></span> 
     </span>
     <span class='ocr_line' id='line_1_24' title="bbox 251 1795 2380 1858; baseline -0.001 -14"><span class='ocrx_word' id='word_1_232' title='bbox 251 1802 516 1844; x_wconf 87' lang='lat' dir='ltr'><strong>ornamento</strong></span> <span class='ocrx_word' id='word_1_233' title='bbox 548 1802 745 1842; x_wconf 86' lang='lat' dir='ltr'><strong>catenae</strong></span> <span class='ocrx_word' id='word_1_234' title='bbox 779 1795 965 1842; x_wconf 84' lang='lat' dir='ltr'><strong>ordines</strong></span> <span class='ocrx_word' id='word_1_235' title='bbox 997 1795 1234 1843; x_wconf 89' lang='lat' dir='ltr'><strong>commode</strong></span> <span class='ocrx_word' id='word_1_236' title='bbox 1268 1799 1497 1858; x_wconf 89' lang='lat' dir='ltr'><strong>potuerint</strong></span> <span class='ocrx_word' id='word_1_237' title='bbox 1529 1798 1788 1845; x_wconf 76' lang='lat' dir='ltr'><strong>contineri?</strong></span> <span class='ocrx_word' id='word_1_238' title='bbox 1855 1797 1993 1856; x_wconf 80' lang='lat' dir='ltr'><strong>Quod</strong></span> <span class='ocrx_word' id='word_1_239' title='bbox 2033 1797 2252 1857; x_wconf 84' lang='lat' dir='ltr'><strong>reliquum</strong></span> <span class='ocrx_word' id='word_1_240' title='bbox 2292 1801 2380 1853; x_wconf 88' lang='lat' dir='ltr'><strong>est,</strong></span> 
     </span>
     <span class='ocr_line' id='line_1_25' title="bbox 248 1871 2380 1934; baseline 0 -18"><span class='ocrx_word' id='word_1_241' title='bbox 248 1873 338 1919; x_wconf 88' lang='lat' dir='ltr'><strong>hoc</strong></span> <span class='ocrx_word' id='word_1_242' title='bbox 371 1886 548 1926; x_wconf 88' lang='lat' dir='ltr'><strong>moneo,</strong></span> <span class='ocrx_word' id='word_1_243' title='bbox 582 1871 803 1931; x_wconf 84' lang='lat' dir='ltr'><strong>globulos</strong></span> <span class='ocrx_word' id='word_1_244' title='bbox 837 1871 980 1927; x_wconf 86' lang='lat' dir='ltr'><strong>duos,</strong></span> <span class='ocrx_word' id='word_1_245' title='bbox 1024 1872 1160 1916; x_wconf 86' lang='lat' dir='ltr'><strong>alteri</strong></span> <span class='ocrx_word' id='word_1_246' title='bbox 1193 1879 1389 1919; x_wconf 86' lang='lat' dir='ltr'><strong>catenae</strong></span> <span class='ocrx_word' id='word_1_247' title='bbox 1421 1876 1663 1934; x_wconf 54' lang='lat' dir='ltr'><strong>appuis·-</strong></span> <span class='ocrx_word' id='word_1_248' title='bbox 1691 1876 1887 1934; x_wconf 88' lang='lat' dir='ltr'><strong>itemque</strong></span> <span class='ocrx_word' id='word_1_249' title='bbox 1929 1873 2141 1918; x_wconf 89' lang='lat' dir='ltr'><strong>crucibus</strong></span> <span class='ocrx_word' id='word_1_250' title='bbox 2180 1877 2380 1928; x_wconf 86' lang='lat' dir='ltr'><strong>notatos,</strong></span> 
     </span>
     <span class='ocr_line' id='line_1_26' title="bbox 253 1946 2379 2009; baseline -0.001 -16"><span class='ocrx_word' id='word_1_251' title='bbox 253 1964 397 1993; x_wconf 79' lang='lat' dir='ltr'><strong>cavos</strong></span> <span class='ocrx_word' id='word_1_252' title='bbox 430 1950 549 1989; x_wconf 89' lang='lat' dir='ltr'><strong>intus</strong></span> <span class='ocrx_word' id='word_1_253' title='bbox 583 1960 715 1999; x_wconf 86' lang='lat' dir='ltr'><strong>esse,</strong></span> <span class='ocrx_word' id='word_1_254' title='bbox 763 1960 988 2004; x_wconf 88' lang='lat' dir='ltr'><strong>unamque</strong></span> <span class='ocrx_word' id='word_1_255' title='bbox 1036 1954 1246 1991; x_wconf 84' lang='lat' dir='ltr'><strong>catenam</strong></span> <span class='ocrx_word' id='word_1_256' title='bbox 1280 1951 1323 2002; x_wconf 81' lang='grc'><strong>2,</strong></span> <span class='ocrx_word' id='word_1_257' title='bbox 1357 1948 1548 1992; x_wconf 87' lang='lat' dir='ltr'><strong>alteram</strong></span> <span class='ocrx_word' id='word_1_258' title='bbox 1585 1951 1645 2007; x_wconf 55' lang='lat'><strong>²³¹2</strong></span> <span class='ocrx_word' id='word_1_259' title='bbox 1679 1950 1823 2009; x_wconf 86' lang='lat' dir='ltr'><strong>pedes</strong></span> <span class='ocrx_word' id='word_1_260' title='bbox 1859 1948 2144 2007; x_wconf 86' lang='lat' dir='ltr'><strong>longitudine</strong></span> <span class='ocrx_word' id='word_1_261' title='bbox 2177 1946 2379 2001; x_wconf 80' lang='lat' dir='ltr'><strong>extendi,</strong></span> 
     </span>
     <span class='ocr_line' id='line_1_27' title="bbox 251 2020 1709 2081; baseline 0 -13"><span class='ocrx_word' id='word_1_262' title='bbox 251 2028 486 2081; x_wconf 90' lang='lat' dir='ltr'><strong>utramque</strong></span> <span class='ocrx_word' id='word_1_263' title='bbox 522 2020 580 2065; x_wconf 89' lang='lat' dir='ltr'><strong>ad</strong></span> <span class='ocrx_word' id='word_1_264' title='bbox 613 2034 761 2065; x_wconf 73' lang='lat' dir='ltr'><strong>coxas</strong></span> <span class='ocrx_word' id='word_1_265' title='bbox 795 2026 1068 2066; x_wconf 85' lang='lat' dir='ltr'><strong>mortuorum</strong></span> <span class='ocrx_word' id='word_1_266' title='bbox 1097 2022 1322 2079; x_wconf 84' lang='lat' dir='ltr'><strong>jacuisse.</strong></span> <span class='ocrx_word' id='word_1_267' title='bbox 1358 2022 1503 2079; x_wconf 82' lang='lat' dir='ltr'><strong>(Tab.</strong></span> <span class='ocrx_word' id='word_1_268' title='bbox 1535 2024 1572 2068; x_wconf 93' lang='grc' dir='ltr'><strong>Ι.</strong></span> <span class='ocrx_word' id='word_1_269' title='bbox 1608 2024 1709 2078; x_wconf 83' lang='grc'><strong>25.)</strong></span> 
     </span>
    </p>
   </div>
   <div class='ocr_carea' id='block_1_4' title="bbox 947 2115 1669 2171">
    <p class='ocr_par' dir='ltr' id='par_1_6' title="bbox 947 2115 1669 2171">
     <span class='ocr_line' id='line_1_28' title="bbox 947 2115 1669 2171; baseline 0.006 -4"><span class='ocrx_word' id='word_1_270' title='bbox 947 2124 1239 2168; x_wconf 79' lang='lat' dir='ltr'><strong>MUNDUM</strong></span> <span class='ocrx_word' id='word_1_271' title='bbox 1272 2115 1669 2171; x_wconf 78' lang='lat' dir='ltr'>MULIEBREM</span> 
     </span>
    </p>
   </div>
   <div class='ocr_carea' id='block_1_5' title="bbox 248 2210 2379 2877">
    <p class='ocr_par' dir='ltr' id='par_1_7' title="bbox 248 2210 2379 2726">
     <span class='ocr_line' id='line_1_29' title="bbox 251 2210 2379 2275; baseline -0.001 -18"><span class='ocrx_word' id='word_1_272' title='bbox 251 2226 380 2271; x_wconf 88' lang='lat' dir='ltr'><strong>quem</strong></span> <span class='ocrx_word' id='word_1_273' title='bbox 415 2210 641 2270; x_wconf 83' lang='lat' dir='ltr'><strong>colligere</strong></span> <span class='ocrx_word' id='word_1_274' title='bbox 675 2213 883 2270; x_wconf 86' lang='lat' dir='ltr'><strong>contigit,</strong></span> <span class='ocrx_word' id='word_1_275' title='bbox 918 2217 1103 2271; x_wconf 84' lang='lat' dir='ltr'><strong>praeter</strong></span> <span class='ocrx_word' id='word_1_276' title='bbox 1132 2219 1290 2258; x_wconf 86' lang='lat' dir='ltr'><strong>cetera</strong></span> <span class='ocrx_word' id='word_1_277' title='bbox 1308 2221 1617 2274; x_wconf 80' lang='lat' dir='ltr'><strong>suspexerunt</strong></span> <span class='ocrx_word' id='word_1_278' title='bbox 1647 2217 1723 2275; x_wconf 88' lang='lat' dir='ltr'><strong>qui</strong></span> <span class='ocrx_word' id='word_1_279' title='bbox 1748 2216 2040 2275; x_wconf 86' lang='lat' dir='ltr'><strong>antiquitates</strong></span> <span class='ocrx_word' id='word_1_280' title='bbox 2063 2215 2245 2257; x_wconf 86' lang='lat' dir='ltr'><strong>nostras</strong></span> <span class='ocrx_word' id='word_1_281' title='bbox 2265 2224 2379 2256; x_wconf 83' lang='lat' dir='ltr'><strong>con-</strong></span> 
     </span>
     <span class='ocr_line' id='line_1_30' title="bbox 250 2286 2375 2352; baseline -0.001 -21"><span class='ocrx_word' id='word_1_282' title='bbox 250 2286 455 2347; x_wconf 88' lang='lat' dir='ltr'><strong>templati</strong></span> <span class='ocrx_word' id='word_1_283' title='bbox 490 2296 606 2331; x_wconf 79' lang='lat' dir='ltr'><strong>sunt.</strong></span> <span class='ocrx_word' id='word_1_284' title='bbox 670 2286 790 2333; x_wconf 88' lang='lat' dir='ltr'><strong>Sive</strong></span> <span class='ocrx_word' id='word_1_285' title='bbox 832 2288 947 2331; x_wconf 90' lang='lat' dir='ltr'><strong>enim</strong></span> <span class='ocrx_word' id='word_1_286' title='bbox 990 2289 1218 2332; x_wconf 87' lang='lat' dir='ltr'><strong>materiem</strong></span> <span class='ocrx_word' id='word_1_287' title='bbox 1263 2295 1473 2349; x_wconf 87' lang='lat' dir='ltr'><strong>spectas,</strong></span> <span class='ocrx_word' id='word_1_288' title='bbox 1520 2292 1624 2335; x_wconf 86' lang='lat' dir='ltr'><strong>sive</strong></span> <span class='ocrx_word' id='word_1_289' title='bbox 1668 2305 1782 2351; x_wconf 86' lang='lat' dir='ltr'><strong>opus</strong></span> <span class='ocrx_word' id='word_1_290' title='bbox 1831 2293 1973 2352; x_wconf 89' lang='lat' dir='ltr'><strong>ipsum</strong></span> <span class='ocrx_word' id='word_1_291' title='bbox 2010 2288 2221 2341; x_wconf 85' lang='lat' dir='ltr'><strong>intueris,</strong></span> <span class='ocrx_word' id='word_1_292' title='bbox 2272 2286 2375 2330; x_wconf 85' lang='lat' dir='ltr'><strong>sive</strong></span> 
     </span>
     <span class='ocr_line' id='line_1_31' title="bbox 248 2359 2373 2424; baseline -0.001 -17"><span class='ocrx_word' id='word_1_293' title='bbox 248 2361 568 2407; x_wconf 87' lang='lat' dir='ltr'><strong>abundantiam</strong></span> <span class='ocrx_word' id='word_1_294' title='bbox 602 2376 748 2407; x_wconf 86' lang='lat' dir='ltr'><strong>rerum</strong></span> <span class='ocrx_word' id='word_1_295' title='bbox 771 2367 973 2423; x_wconf 86' lang='lat' dir='ltr'><strong>reputas,</strong></span> <span class='ocrx_word' id='word_1_296' title='bbox 1007 2362 1175 2408; x_wconf 87' lang='lat' dir='ltr'><strong>habent</strong></span> <span class='ocrx_word' id='word_1_297' title='bbox 1197 2363 1296 2409; x_wconf 82' lang='lat' dir='ltr'><strong>fere</strong></span> <span class='ocrx_word' id='word_1_298' title='bbox 1330 2367 1490 2422; x_wconf 88' lang='lat' dir='ltr'><strong>omnia,</strong></span> <span class='ocrx_word' id='word_1_299' title='bbox 1526 2379 1614 2424; x_wconf 93' lang='lat' dir='ltr'><strong>quo</strong></span> <span class='ocrx_word' id='word_1_300' title='bbox 1637 2366 1800 2411; x_wconf 87' lang='lat' dir='ltr'><strong>oculos</strong></span> <span class='ocrx_word' id='word_1_301' title='bbox 1818 2367 1860 2410; x_wconf 90' lang='lat' dir='ltr'><strong>in</strong></span> <span class='ocrx_word' id='word_1_302' title='bbox 1889 2379 1941 2410; x_wconf 82' lang='lat' dir='ltr'><strong>se</strong></span> <span class='ocrx_word' id='word_1_303' title='bbox 1962 2366 2235 2410; x_wconf 86' lang='lat' dir='ltr'><strong>convertant</strong></span> <span class='ocrx_word' id='word_1_304' title='bbox 2256 2359 2373 2406; x_wconf 87' lang='lat' dir='ltr'><strong>defi-</strong></span> 
     </span>
     <span class='ocr_line' id='line_1_32' title="bbox 248 2437 2372 2501; baseline -0 -20"><span class='ocrx_word' id='word_1_305' title='bbox 248 2451 424 2497; x_wconf 87' lang='lat' dir='ltr'><strong>xosque</strong></span> <span class='ocrx_word' id='word_1_306' title='bbox 459 2443 658 2483; x_wconf 89' lang='lat' dir='ltr'><strong>teneant.</strong></span> <span class='ocrx_word' id='word_1_307' title='bbox 726 2437 921 2483; x_wconf 84' lang='lat' dir='ltr'><strong>Talibus</strong></span> <span class='ocrx_word' id='word_1_308' title='bbox 944 2444 1099 2484; x_wconf 89' lang='lat' dir='ltr'><strong>tantae</strong></span> <span class='ocrx_word' id='word_1_309' title='bbox 1121 2441 1235 2484; x_wconf 88' lang='lat' dir='ltr'><strong>artis</strong></span> <span class='ocrx_word' id='word_1_310' title='bbox 1253 2442 1527 2486; x_wconf 86' lang='lat' dir='ltr'><strong>ornamentis</strong></span> <span class='ocrx_word' id='word_1_311' title='bbox 1551 2442 1624 2501; x_wconf 87' lang='lat' dir='ltr'><strong>qui</strong></span> <span class='ocrx_word' id='word_1_312' title='bbox 1641 2441 1845 2486; x_wconf 87' lang='lat' dir='ltr'><strong>homines</strong></span> <span class='ocrx_word' id='word_1_313' title='bbox 1879 2439 2168 2486; x_wconf 84' lang='lat' dir='ltr'><strong>delectantur</strong></span> <span class='ocrx_word' id='word_1_314' title='bbox 2196 2437 2227 2481; x_wconf 90' lang='lat' dir='ltr'><strong>ii</strong></span> <span class='ocrx_word' id='word_1_315' title='bbox 2261 2448 2372 2498; x_wconf 82' lang='lat' dir='ltr'><strong>pro-</strong></span> 
     </span>
     <span class='ocr_line' id='line_1_33' title="bbox 250 2509 2372 2576; baseline 0 -21"><span class='ocrx_word' id='word_1_316' title='bbox 250 2512 375 2557; x_wconf 86' lang='lat' dir='ltr'><strong>fecto</strong></span> <span class='ocrx_word' id='word_1_317' title='bbox 392 2512 659 2572; x_wconf 82' lang='lat' dir='ltr'><strong>longissime</strong></span> <span class='ocrx_word' id='word_1_318' title='bbox 677 2527 704 2557; x_wconf 85' lang='lat' dir='ltr'><strong>a</strong></span> <span class='ocrx_word' id='word_1_319' title='bbox 725 2513 936 2559; x_wconf 89' lang='lat' dir='ltr'><strong>barbarie</strong></span> <span class='ocrx_word' id='word_1_320' title='bbox 964 2515 1228 2576; x_wconf 90' lang='lat' dir='ltr'><strong>incultoque</strong></span> <span class='ocrx_word' id='word_1_321' title='bbox 1250 2515 1468 2576; x_wconf 88' lang='lat' dir='ltr'><strong>squalore</strong></span> <span class='ocrx_word' id='word_1_322' title='bbox 1491 2516 1669 2564; x_wconf 89' lang='lat' dir='ltr'><strong>absunt.</strong></span> <span class='ocrx_word' id='word_1_323' title='bbox 1706 2516 1824 2573; x_wconf 83' lang='lat' dir='ltr'><strong>Quin</strong></span> <span class='ocrx_word' id='word_1_324' title='bbox 1856 2519 1943 2562; x_wconf 89' lang='lat' dir='ltr'><strong>imo</strong></span> <span class='ocrx_word' id='word_1_325' title='bbox 1961 2515 2143 2562; x_wconf 87' lang='lat' dir='ltr'><strong>venusti</strong></span> <span class='ocrx_word' id='word_1_326' title='bbox 2166 2509 2372 2574; x_wconf 87' lang='lat' dir='ltr'><strong>pulchri-</strong></span> 
     </span>
     <span class='ocr_line' id='line_1_34' title="bbox 250 2585 2371 2652; baseline -0 -21"><span class='ocrx_word' id='word_1_327' title='bbox 250 2601 337 2645; x_wconf 88' lang='lat' dir='ltr'><strong>que</strong></span> <span class='ocrx_word' id='word_1_328' title='bbox 355 2601 493 2631; x_wconf 89' lang='lat' dir='ltr'><strong>sensu</strong></span> <span class='ocrx_word' id='word_1_329' title='bbox 516 2603 644 2646; x_wconf 90' lang='lat' dir='ltr'><strong>quum</strong></span> <span class='ocrx_word' id='word_1_330' title='bbox 668 2591 881 2634; x_wconf 87' lang='lat' dir='ltr'><strong>viverent</strong></span> <span class='ocrx_word' id='word_1_331' title='bbox 902 2589 1094 2635; x_wconf 88' lang='lat' dir='ltr'><strong>imbutos</strong></span> <span class='ocrx_word' id='word_1_332' title='bbox 1115 2590 1259 2636; x_wconf 83' lang='lat' dir='ltr'><strong>fuisse</strong></span> <span class='ocrx_word' id='word_1_333' title='bbox 1280 2606 1368 2636; x_wconf 91' lang='lat' dir='ltr'><strong>non</strong></span> <span class='ocrx_word' id='word_1_334' title='bbox 1391 2591 1608 2637; x_wconf 87' lang='lat' dir='ltr'><strong>mediocri</strong></span> <span class='ocrx_word' id='word_1_335' title='bbox 1632 2606 1729 2648; x_wconf 88' lang='lat' dir='ltr'><strong>eos,</strong></span> <span class='ocrx_word' id='word_1_336' title='bbox 1750 2607 1864 2652; x_wconf 89' lang='lat' dir='ltr'><strong>quos</strong></span> <span class='ocrx_word' id='word_1_337' title='bbox 1894 2585 2371 2652; x_wconf 87' lang='lat' dir='ltr'><strong>sepulchraNorden—</strong></span> 
     </span>
     <span class='ocr_line' id='line_1_35' title="bbox 250 2661 2369 2726; baseline 0 -20"><span class='ocrx_word' id='word_1_338' title='bbox 250 2661 499 2723; x_wconf 87' lang='lat' dir='ltr'><strong>dorpensia</strong></span> <span class='ocrx_word' id='word_1_339' title='bbox 527 2662 865 2719; x_wconf 89' lang='lat' dir='ltr'><strong>concluserunt,</strong></span> <span class='ocrx_word' id='word_1_340' title='bbox 897 2663 984 2710; x_wconf 86' lang='lat' dir='ltr'><strong>hae</strong></span> <span class='ocrx_word' id='word_1_341' title='bbox 1006 2667 1135 2725; x_wconf 88' lang='lat' dir='ltr'><strong>ipsae</strong></span> <span class='ocrx_word' id='word_1_342' title='bbox 1153 2665 1517 2712; x_wconf 84' lang='lat' dir='ltr'><strong>muliercularum</strong></span> <span class='ocrx_word' id='word_1_343' title='bbox 1542 2667 1752 2723; x_wconf 83' lang='lat' dir='ltr'><strong>deliciae,</strong></span> <span class='ocrx_word' id='word_1_344' title='bbox 1781 2670 1818 2712; x_wconf 86' lang='lat' dir='ltr'><strong>si</strong></span> <span class='ocrx_word' id='word_1_345' title='bbox 1839 2665 2093 2726; x_wconf 88' lang='lat' dir='ltr'><strong>quidquam,</strong></span> <span class='ocrx_word' id='word_1_346' title='bbox 2111 2661 2369 2709; x_wconf 81' lang='lat' dir='ltr'><strong>ostendunt.</strong></span> 
     </span>
    </p>

    <p class='ocr_par' dir='ltr' id='par_1_8' title="bbox 250 2737 2374 2877">
     <span class='ocr_line' id='line_1_36' title="bbox 373 2737 2374 2799; baseline 0 -17"><span class='ocrx_word' id='word_1_347' title='bbox 373 2737 551 2796; x_wconf 86' lang='lat' dir='ltr'><strong>Magna</strong></span> <span class='ocrx_word' id='word_1_348' title='bbox 585 2743 734 2782; x_wconf 89' lang='lat' dir='ltr'><strong>autem</strong></span> <span class='ocrx_word' id='word_1_349' title='bbox 768 2753 922 2783; x_wconf 88' lang='lat' dir='ltr'><strong>earum</strong></span> <span class='ocrx_word' id='word_1_350' title='bbox 956 2755 1065 2799; x_wconf 86' lang='lat' dir='ltr'><strong>pars</strong></span> <span class='ocrx_word' id='word_1_351' title='bbox 1098 2747 1170 2786; x_wconf 82' lang='lat' dir='ltr'><strong>est</strong></span> <span class='ocrx_word' id='word_1_352' title='bbox 1203 2755 1263 2786; x_wconf 89' lang='lat' dir='ltr'><strong>ex</strong></span> <span class='ocrx_word' id='word_1_353' title='bbox 1296 2756 1408 2787; x_wconf 87' lang='lat' dir='ltr'><strong>auro</strong></span> <span class='ocrx_word' id='word_1_354' title='bbox 1443 2742 1672 2788; x_wconf 83' lang='lat' dir='ltr'><strong>confecta.</strong></span> <span class='ocrx_word' id='word_1_355' title='bbox 1740 2742 1901 2788; x_wconf 90' lang='lat' dir='ltr'><strong>Veluti</strong></span> <span class='ocrx_word' id='word_1_356' title='bbox 1936 2747 2086 2785; x_wconf 78' lang='lat' dir='ltr'><strong>aurea</strong></span> <span class='ocrx_word' id='word_1_357' title='bbox 2128 2743 2220 2784; x_wconf 60' lang='lat' dir='ltr'><strong>est&gt;</strong></span> <span class='ocrx_word' id='word_1_358' title='bbox 2305 2737 2374 2781; x_wconf 76' lang='lat' dir='ltr'><strong>aa</strong></span> 
     </span>
     <span class='ocr_line' id='line_1_37' title="bbox 250 2808 2372 2877; baseline 0 -21"><span class='ocrx_word' id='word_1_359' title='bbox 250 2810 528 2869; x_wconf 79' lang='lat' dir='ltr'><strong>orbiculata,</strong></span> <span class='ocrx_word' id='word_1_360' title='bbox 563 2827 694 2871; x_wconf 86' lang='lat' dir='ltr'><strong>qnam</strong></span> <span class='ocrx_word' id='word_1_361' title='bbox 711 2814 754 2857; x_wconf 88' lang='lat' dir='ltr'><strong>in</strong></span> <span class='ocrx_word' id='word_1_362' title='bbox 778 2812 934 2859; x_wconf 87' lang='lat' dir='ltr'><strong>tabula</strong></span> <span class='ocrx_word' id='word_1_363' title='bbox 963 2813 1301 2877; x_wconf 82' lang='lat' dir='ltr'><strong>lithographica</strong></span> <span class='ocrx_word' id='word_1_364' title='bbox 1318 2817 1443 2870; x_wconf 86' lang='lat' dir='ltr'><strong>(Tab</strong></span> <span class='ocrx_word' id='word_1_365' title='bbox 1475 2817 1512 2864; x_wconf 92' lang='lat'><strong>1.</strong></span> <span class='ocrx_word' id='word_1_366' title='bbox 1538 2817 1603 2876; x_wconf 85' lang='grc'><strong>1.)</strong></span> <span class='ocrx_word' id='word_1_367' title='bbox 1637 2819 1897 2863; x_wconf 86' lang='lat' dir='ltr'><strong>curavimus</strong></span> <span class='ocrx_word' id='word_1_368' title='bbox 1920 2815 2112 2875; x_wconf 80' lang='lat' dir='ltr'><strong>imagine</strong></span> <span class='ocrx_word' id='word_1_369' title='bbox 2130 2810 2222 2873; x_wconf 92' lang='lat' dir='ltr'><strong>dup</strong></span> <span class='ocrx_word' id='word_1_370' title='bbox 2244 2808 2372 2857; x_wconf 74' lang='lat' dir='ltr'><strong>oml-</strong></span> 
     </span>
    </p>
   </div>
   <div class='ocr_carea' id='block_1_6' title="bbox 280 2931 2369 3050">
    <p class='ocr_par' dir='ltr' id='par_1_9' title="bbox 280 2931 2369 3050">
     <span class='ocr_line' id='line_1_38' title="bbox 280 2931 2369 2989; baseline -0.001 -17"><span class='ocrx_word' id='word_1_371' title='bbox 280 2934 324 2980; x_wconf 87' lang='lat'><strong>¹)</strong></span> <span class='ocrx_word' id='word_1_372' title='bbox 353 2934 406 2982; x_wconf 76' lang='lat' dir='ltr'><strong>cf.</strong></span> <span class='ocrx_word' id='word_1_373' title='bbox 438 2932 689 2973; x_wconf 80' lang='lat' dir='ltr'><strong>Geschichte</strong></span> <span class='ocrx_word' id='word_1_374' title='bbox 719 2933 792 2973; x_wconf 85' lang='lat' dir='ltr'><strong>der</strong></span> <span class='ocrx_word' id='word_1_375' title='bbox 818 2934 1077 2989; x_wconf 79' lang='lat' dir='ltr'><strong>Einffihrung</strong></span> <span class='ocrx_word' id='word_1_376' title='bbox 1105 2936 1180 2977; x_wconf 84' lang='lat' dir='ltr'><strong>des</strong></span> <span class='ocrx_word' id='word_1_377' title='bbox 1205 2937 1528 2983; x_wconf 85' lang='lat' dir='ltr'><strong>Christenthums</strong></span> <span class='ocrx_word' id='word_1_378' title='bbox 1555 2939 1605 2977; x_wconf 92' lang='lat' dir='ltr'><strong>im</strong></span> <span class='ocrx_word' id='word_1_379' title='bbox 1633 2937 1959 2978; x_wconf 76' lang='lat' dir='ltr'><strong>sudwestlicheu</strong></span> <span class='ocrx_word' id='word_1_380' title='bbox 1983 2931 2268 2977; x_wconf 83' lang='lat' dir='ltr'><strong>Deutschland</strong></span> <span class='ocrx_word' id='word_1_381' title='bbox 2294 2932 2369 2971; x_wconf 90' lang='lat' dir='ltr'><strong>be-</strong></span> 
     </span>
     <span class='ocr_line' id='line_1_39' title="bbox 358 2993 2276 3050; baseline 0.004 -20"><span class='ocrx_word' id='word_1_382' title='bbox 358 2993 530 3033; x_wconf 85' lang='lat' dir='ltr'><strong>sonders</strong></span> <span class='ocrx_word' id='word_1_383' title='bbox 558 2997 597 3033; x_wconf 87' lang='lat' dir='ltr'><strong>in</strong></span> <span class='ocrx_word' id='word_1_384' title='bbox 625 2997 924 3050; x_wconf 67' lang='lat' dir='ltr'><strong>wanemberg,</strong></span> <span class='ocrx_word' id='word_1_385' title='bbox 952 3010 1032 3037; x_wconf 86' lang='lat' dir='ltr'><strong>von</strong></span> <span class='ocrx_word' id='word_1_386' title='bbox 1063 2998 1112 3038; x_wconf 90' lang='lat' dir='ltr'><strong>C.</strong></span> <span class='ocrx_word' id='word_1_387' title='bbox 1138 2999 1169 3037; x_wconf 93' lang='lat'><strong>1.</strong></span> <span class='ocrx_word' id='word_1_388' title='bbox 1199 3000 1361 3050; x_wconf 80' lang='lat' dir='ltr'><strong>Hefele,</strong></span> <span class='ocrx_word' id='word_1_389' title='bbox 1391 3006 1430 3039; x_wconf 88' lang='lat' dir='ltr'><strong>et</strong></span> <span class='ocrx_word' id='word_1_390' title='bbox 1460 2999 1549 3041; x_wconf 89' lang='lat' dir='ltr'><strong>Col.</strong></span> <span class='ocrx_word' id='word_1_391' title='bbox 1580 2998 1755 3040; x_wconf 88' lang='lat' dir='ltr'><strong>Sumloc.</strong></span> <span class='ocrx_word' id='word_1_392' title='bbox 1785 3013 1868 3046; x_wconf 83' lang='lat' dir='ltr'><strong>von</strong></span> <span class='ocrx_word' id='word_1_393' title='bbox 1894 3001 2090 3043; x_wconf 70' lang='lat' dir='ltr'><strong>Jaumann</strong></span> <span class='ocrx_word' id='word_1_394' title='bbox 2117 3008 2155 3048; x_wconf 85' lang='lat' dir='ltr'><strong>p.</strong></span> <span class='ocrx_word' id='word_1_395' title='bbox 2190 2993 2276 3037; x_wconf 83' lang='lat'>148.</span> 
     </span>
    </p>
   </div>
  </div>
 </body>
</html>
