2645 3240
1311 104 1385 158 14

398 253 674 300 Inauratas
719 254 970 314 partimque
1021 251 1257 297 diatreta-9
1284 253 1352 307 ¹)
1377 250 1596 297 habemus
1644 255 1689 299 in
1729 254 1915 304 tab.1.·
1954 252 2288 316 flgg.18.et
2322 253 2401 302 ·-14.

274 326 369 375 tab.
401 328 461 374 11.
491 326 614 373 32-
619 326 695 373 39.
727 341 817 373 non
848 327 993 371 minus
1039 325 1144 371 aliis
1174 329 1375 372 venuste
1423 326 1691 384 exornatas,
1733 341 1796 375 ex
1835 329 1999 390 quibus
2038 333 2144 376 sunt
2192 338 2338 389 quae
2351 332 2404 375 et

273 405 430 450 avium
460 402 646 465 effigies
676 417 789 464 prae
821 415 876 447 se
905 400 1073 447 serant.
1142 401 1271 459 Unci,
1304 406 1465 463 utpote
1492 400 1643 447 fibulis
1673 401 1969 484 ferruminati,
2003 419 2157 452 omnes
2190 409 2397 466 tempore

272 479 664 599 peneffjuoffieae
652 551 853 614 inprimis
871 550 1162 611 candidoque
1193 550 1355 597 colore
1387 549 1758 597 commendantur
1775 565 1961 612 quarum
1992 554 2167 615 figuras
2198 552 2402 599 referunt

271 628 361 674 tab.
407 629 443 673 1.
493 642 567 676 nu.
614 627 688 672 15.
736 632 783 672 et
830 628 906 670 22.
970 626 1145 671 Harum
1193 628 1342 686 maj0r
1389 627 1446 671 ea
1494 631 1567 670 est
1604 628 1823 683 mixtura,
1865 632 1917 671 ut
1955 626 2211 688 portionem
2251 628 2403 673 stanni

272 703 379 762 4230„
412 703 583 764 plumbi
616 702 724 761 263,
758 704 938 762 argenti
967 701 1011 757 0,
1044 701 1150 761 263,
1184 704 1332 763 cyprii
1364 701 1533 760 mosg
1564 700 1736 745 indicet
1766 702 2142 747 examinantibus.

402 776 492 824 Cui
524 780 591 822 rei
616 779 911 823 inservierint
942 777 1078 822 orbes·
1103 779 1236 822 varie
1263 778 1505 836 perforati
1528 778 1626 821 sive
1656 775 1839 821 radiati
1862 790 1927 822 ea·
1956 790 2068 821 aere
2102 781 2233 824 tenui
2262 792 2398 824 aern-

273 853 473 913 gineque
504 853 842 912 nuncinsigniti
877 850 1021 908 [Tab.
1054 851 1093 896 Ι.
1135 849 1180 895 8.
1216 849 1338 894 a--h
1372 850 1490 896 Tab.
1523 850 1583 896 11.
1614 849 1657 896 8.
1690 849 1734 896 9.
1770 849 1871 908 10.)
1904 853 1947 897 in
1981 850 2119 897 dubio
2139 851 2400 913 relinquere

274 926 531 973 consultius
574 932 647 973 est
679 942 807 987 qnam
852 928 907 970 iis
938 926 1195 986 suffragari,
1230 926 1303 985 qni
1336 924 1382 969 id
1427 939 1575 986 genus
1618 928 1867 972 ornamenti
1909 926 2170 972 mulieribus
2218 932 2296 972 aut
2339 926 2402 973 ad

276 1017 424 1048 zonas
457 1002 737 1047 coartandas
770 1006 849 1045 aut
881 1000 943 1045 ad
970 1001 1182 1045 humeros
1205 1000 1586 1046 condecorandos
1619 1001 1792 1047 fecisse
1819 1002 2025 1049 credant.
2075 1003 2400 1048 Verumtamen

273 1082 323 1122 ut
354 1077 555 1122 habeant
586 1076 708 1136 quod
741 1081 989 1136 sequantur
1031 1076 1191 1135 quibus
1224 1079 1268 1120 in
1318 1077 1616 1136 conjectandi
1649 1091 1810 1138 campo
1845 1091 2095 1123 excurrere
2126 1077 2279 1135 lubet,
2310 1077 2400 1123 hoc

272 1151 411 1209 addo,
444 1152 582 1210 hujus
614 1155 818 1208 ornatus,
851 1152 891 1196 ui
926 1156 1114 1197 ornatus
1148 1157 1245 1208 est,
1284 1153 1423 1211 juxta
1454 1166 1620 1198 urceos
1662 1152 1723 1197 ad
1755 1152 1901 1214 pedes
1944 1158 2219 1198 mortuorum
2250 1153 2399 1196 maxi-

270 1241 385 1272 mam
420 1232 596 1288 partem
629 1229 804 1273 inventi
858 1231 1171 1272 transversam
1215 1242 1321 1272 esse
1358 1242 1609 1273 mensuram
1640 1228 1795 1290 3-3}
1842 1228 2084 1288 digitorum
2126 1227 2399 1287 marginem-

273 1316 360 1361 que
395 1302 537 1347 ebore
560 1301 885 1347 circumdatum
917 1301 1184 1347 fuisseinde
1211 1317 1450 1363 apparere,
1479 1303 1600 1363 quod
1632 1304 1752 1364 (vid.
1792 1304 1907 1351 Tab.
1941 1304 1976 1349 1.
1997 1303 2074 1363 fig.
2106 1302 2150 1348 8.
2183 1301 2234 1361 a)
2265 1301 2399 1361 frag-

272 1382 423 1422 menta
455 1378 560 1436 ejus
594 1377 748 1437 aliqua
779 1378 1034 1422 etiamnunc
1067 1383 1265 1423 exstant.
1331 1378 1500 1438 Neque
1531 1377 1621 1425 hoc
1654 1378 1916 1434 tacendum,
1968 1376 2089 1438 qnod
2122 1379 2165 1422 in
2201 1391 2291 1422 uno
2325 1376 2399 1421 al-

271 1457 440 1497 terove
471 1452 584 1497 orbe
617 1452 997 1513 deprehenditur,
1041 1457 1087 1499 et
1117 1453 1338 1498 foramina
1370 1453 1586 1508 subesse,
1629 1467 1714 1515 per
1747 1468 1865 1512 quae
1897 1453 1976 1497 fila
2007 1453 2162 1511 trajici
2207 1453 2399 1513 possint,

269 1528 562 1588 vestigiaque
603 1530 866 1573 vestimenti
901 1530 1006 1573 sive
1039 1527 1116 1571 lini
1151 1527 1336 1573 lineolis
1370 1528 1571 1574 distincti
1606 1530 1810 1589 aerugini
1856 1526 2026 1573 leviter
2057 1529 2303 1588 impressa,
2352 1531 2400 1572 et

269 1603 576 1648 cancellatum
610 1603 853 1663 implexum
895 1603 1179 1649 avicularum
1211 1603 1380 1648 formas
1414 1610 1667 1649 monstrare
1697 1604 1990 1663 hominesque
2030 1602 2222 1647 sublatis
2252 1604 2397 1647 mani-

266 1676 351 1723 bus
384 1677 627 1724 saltanteS.

392 1752 626 1797 Inaurem
659 1757 821 1797 contra
853 1754 1004 1797 statim
1031 1754 1250 1812 agnoscis
1283 1752 1359 1813 fig.
1388 1752 1462 1797 23.
1488 1753 1578 1798 tab.
1604 1754 1635 1799 1.
1666 1751 1955 1813 descriptam.
2018 1752 2107 1796 Est
2138 1765 2195 1796 ea
2219 1749 2396 1811 quidem

269 1828 449 1872 ahenea
471 1827 669 1888 palaque
687 1829 923 1884 instructa,
949 1841 1066 1886 quae
1082 1842 1302 1887 gemmam
1323 1828 1429 1872 olim
1452 1829 1697 1889 complexa
1715 1841 1823 1872 esse
1845 1827 2044 1872 videtur.
2078 1826 2215 1871 Alias
2236 1827 2396 1884 acqui-

269 1904 456 1949 sivimus
496 1902 680 1948 laceras
722 1903 805 1948 vel
850 1917 912 1947 ex
958 1902 1240 1963 sepulchris,
1290 1906 1334 1947 in
1375 1903 1534 1962 quibus
1578 1905 1708 1949 viros
1749 1904 2030 1963 compositos
2072 1901 2215 1946 fuisse
2254 1903 2394 1947 certis

270 1977 451 2023 indiciis
492 1979 710 2037 arguitur.
776 1979 828 2022 ln
870 1979 1056 2036 gemmis
1091 1983 1194 2023 sunt
1227 1980 1384 2034 etiam,
1426 1993 1538 2037 quas
1582 1984 1790 2038 gestatas
1833 1992 1939 2024 esse
1971 1992 2033 2022 ex
2066 1977 2249 2022 auribus
2288 1991 2394 2021 sus-

269 2066 441 2114 pensas
474 2052 621 2097 forma
654 2051 793 2097 docet
826 2056 873 2097 et
905 2052 1156 2098 artificium.

394 2128 505 2173 Nec
538 2127 706 2172 dubiae
738 2132 845 2171 sunt
889 2126 1066 2187 figurae
1099 2129 1393 2173 annulorum
1425 2126 1571 2185 [Tab.
1604 2128 1639 2173 Ι.
1675 2127 1774 2186 21),
1808 2104 1995 2187 quorum
2028 2127 2147 2172 alter
2188 2140 2250 2171 ex
2282 2140 2392 2173 aere

266 2204 532 2249 tenuissimo
592 2202 746 2248 factus
800 2202 1015 2263 nodoque
1072 2202 1272 2260 Gordio,
1329 2217 1458 2262 quem
1513 2202 1694 2259 dicunt,
1749 2202 1999 2262 colligatus
2051 2208 2143 2259 est,
2202 2202 2394 2248 alterius

267 2278 410 2339 (Tab.
430 2278 489 2325 11.
506 2277 580 2324 49.
594 2293 635 2323 a.
655 2277 727 2335 b.)
744 2277 855 2339 pala
873 2278 955 2325 vel
972 2279 1128 2339 potius
1140 2280 1317 2337 signum
1334 2280 1572 2339 imaginem
1592 2278 1744 2324 militis
1762 2276 1932 2324 hastati
1951 2277 2221 2339 insculptam
2239 2277 2390 2335 habet,

266 2367 414 2414 neque
447 2368 621 2400 acuum
667 2355 1063 2401 discr-{minutium
1106 2352 1251 2411 (Tab.
1294 2354 1329 2399 Ι.
1369 2353 1444 2399 29.
1478 2359 1524 2400 et
1567 2353 1685 2399 Tab.
1720 2354 1781 2399 11.
1825 2352 2064 2411 58—60.)‚
2110 2353 2270 2415 quibus
2314 2367 2390 2398 ars

266 2431 457 2491 pretium
479 2427 660 2474 addidit
692 2435 830 2489 atque
846 2443 1034 2489 aerugo.
1077 2430 1183 2474 Hae
1200 2429 1670 2488 quidemacusomnes
1701 2429 1802 2476 fere
1834 2430 1876 2473 ⁹7.
1912 2436 1991 2474 aut
2012 2428 2056 2473 8.
2090 2429 2261 2489 digitos
2284 2428 2390 2472 lon-

268 2518 360 2563 gae
402 2509 506 2549 sunt
545 2503 674 2550 bulla
717 2510 1008 2565 praestantes
1058 2508 1316 2561 excavata,
1367 2520 1456 2565 qua
1501 2508 1682 2551 taeniae
1723 2511 1940 2565 sertaque
1983 2505 2146 2550 vinciri
2177 2508 2391 2564 poterant

266 2585 404 2641 atque
436 2578 642 2625 subnecti
673 2581 736 2636 ²).

391 2655 445 2700 In
464 2656 646 2716 patella
673 2659 836 2714 autem,
869 2657 1004 2715 quus
1037 2670 1118 2702 aes
1140 2656 1446 2702 tenuissimum
1479 2661 1566 2715 est,
1597 2655 1751 2719 quidni
1786 2653 2026 2703 credamus
2060 2657 2388 2714 unguentorum

265 2731 415 2775 sucum
456 2731 675 2774 matronis
709 2729 909 2775 oblatum
942 2745 1049 2776 esse
1082 2731 1324 2788 nobilibus,
1359 2734 1629 2795 praesertim
1658 2747 1790 2795 quum
1813 2733 1954 2792 juxta
1969 2731 2185 2791 jacerent
2214 2730 2389 2791 aliquot

260 2804 506 2865 litt-qula?
539 2804 688 2863 (Tab.
722 2804 762 2851 I.
795 2805 868 2851 62.
901 2811 950 2852 et
978 2807 1038 2852 11.
1072 2806 1145 2854 30.
1180 2813 1228 2852 et
1258 2806 1373 2864 31.)

335 2986 369 3035 ¹)
394 2984 461 3025 De
478 2985 544 3027 his
562 2986 671 3030 conf.
693 2986 810 3027 liber:
834 2984 1067 3027 Handbuch
1090 2985 1161 3027 der
1172 2986 1446 3041 Archiologie
1463 2954 1504 3049 ἐ.
1523 2989 1661 3031 Kunst
1677 3001 1720 3031 v.
1741 2987 1793 3031 K.
1815 2990 1864 3032 0.
1881 2988 2039 3030 millet.
2056 2986 2124 3029 2te
2144 2983 2225 3026 An.
2237 2996 2277 3037 p.
2292 2981 2386 3026 427.

330 3052 369 3102 ²)
398 3053 453 3094 cf.
480 3053 705 3106 Boettigeri
731 3054 888 3097 Sabina
915 3051 947 3093 Ι.
974 3067 1012 3107 p.
1046 3054 1132 3097 163.
1164 3059 1203 3093 et
1233 3054 1322 3098 169.
