2645 3240
1265 79 1336 138 15

364 232 605 296 Fen-ficem
639 237 785 278 certe
843 229 992 287 (rab.
1043 230 1082 275 1.
1137 227 1238 286 44.)
1290 229 1632 291 elegantissime
1679 229 1872 286 factum,
1925 233 2059 290 cujus
2101 234 2361 280 etiamnunc

243 311 382 354 tanta
407 307 560 354 aulenv
596 310 644 352 et
684 305 951 363 flexibilitas
998 309 1088 361 est,
1136 307 1188 350 ut
1208 309 1213 314 “
1231 303 1436 351 charum
1488 303 1716 362 dissecet,
1768 306 2014 354 volsellam
2052 307 2136 363 (Τ.
2164 308 2226 354 ΙΙ.
2258 306 2356 368 1⁸.)

240 382 422 444 udoque
442 384 816 444 waltarium
844 396 910 427 ea·
931 380 1065 428 eitra
1095 378 1240 437 (Tab.
1255 380 1320 426 Π.
1343 379 1440 439 79.)
1473 373 1611 441 atque
1628 383 1859 443 pectinem
1875 380 2144 427 eburneum
2170 381 2298 440 (rab
2317 383 2355 430 1.

243 455 346 514 58.)
373 457 421 500 in
451 455 581 501 lauta
612 455 864 502 senium-un
893 454 1189 517 supellectile
1218 468 1458 502 numerare
1489 470 1581 501 non
1612 469 1796 503 vereor.
1828 457 1878 512 ¹)

364 528 446 575 Ad
478 543 633 576 earum
665 531 860 592 delicias
884 545 1097 592 yemmae
1127 528 1356 587 accedunt
1385 531 1635 592 specieque
1676 535 1724 577 et
1753 530 1915 577 colore
1945 532 2108 577 variae
2139 529 2284 591 (Τὼ.
2316 531 2357 577 Ι.

244 602 360 661 212).
390 603 705 653 Asservamus
734 607 854 654 enim
886 620 948 652 ex
986 604 1258 652 conditoriis
1288 607 1335 651 iu
1374 617 1492 666 agro
1523 604 1940 668 Nordendorpensi
1978 604 2068 651 huc
2112 610 2352 668 transpor-

240 682 364 723 tnta's
405 680 596 739 sardae,
629 682 790 742 quibus
835 680 1005 726 nullam
1045 693 1264 741 gemmam
1305 679 1430 742 apud
1465 681 1678 740 antiquos
1709 694 1796 725 usu
1830 679 2182 740 frequentiorem
2212 680 2358 727 fuisse

238 751 418 799 Plinius
448 755 591 802 refert
626 759 694 814 ²),
730 756 959 817 oblongas
990 755 1123 813 alias,
1155 754 1271 800 alias
1303 754 1577 816 sexangulis
1610 755 1833 801 lateribus
1865 754 2049 816 politas,
2084 754 2216 799 alias.
2233 770 2355 801 ova-

239 832 314 873 tas
345 829 627 895 terebrisque
657 831 908 893 perfossas.
970 831 1226 876 Praeterea
1254 830 1382 875 multi
1412 835 1518 876 sunt
1549 832 1825 891 amethysti,
1867 844 2055 890 quorum
2085 830 2273 890 igniculi
2305 832 2353 876 in

240 902 412 950 violam
443 911 633 964 exeunt,
675 906 937 953 adulterati
966 906 1101 951 etiam
1130 907 1255 951 vitro
1286 919 1376 951 non
1407 904 1649 953 admodum
1679 908 1816 968 pauci
1848 910 1928 952 aut
1960 905 2207 967 smaraydi
2239 907 2357 952 viri-

242 977 430 1025 ditatem
460 985 540 1026 aut
570 981 850 1028 carbunculi
877 982 1108 1041 ηψπ-ἰωὰ
1137 978 1349 1026 ruborem
1380 980 1654 1027 ostendente
1680 983 1730 1039 ³)

366 1055 512 1100 Pilae
541 1056 740 1117 dariique
771 1057 1094 1115 crystallinae,
1125 1069 1309 1114 quarum
1326 1055 1496 1114 figuras
1528 1057 1574 1100 in
1605 1055 1762 1100 tabula
1792 1059 1827 1100 L
1847 1055 1921 1102 16.
1953 1061 1981 1103 t.
2015 1056 2074 1101 11.
2105 1056 2167 1101 51
2201 1060 2248 1101 et
2278 1056 2356 1100 52.

240 1132 424 1174 notatas
475 1130 636 1188 vides,
699 1129 872 1175 similes
926 1128 1141 1175 videntur
1205 1142 1313 1174 esse
1353 1128 1503 1186 illius,
1569 1145 1700 1189 quam
1754 1131 2022 1191 Propertius
2060 1133 2109 1188 ⁴]
2160 1132 2352 1192 respicit

243 1216 435 1249 canensz

603 1277 767 1317 Deinde
794 1278 863 1317 ubi
888 1278 1112 1329 pertuleris,
1139 1289 1245 1329 quos
1273 1277 1372 1316 dicit
1398 1277 1516 1328 fama,
1540 1278 1704 1317 labores

647 1345 852 1395 Herculis,
881 1349 925 1384 ut
951 1344 1116 1394 scribat,
1141 1343 1326 1383 Muneris
1355 1343 1504 1396 ecquid
1530 1344 1687 1384 habes?

598 1409 651 1448 Et
677 1410 796 1449 modo
823 1411 997 1460 pavonis
1028 1409 1189 1449 caudae
1217 1410 1378 1449 flabella
1405 1411 1570 1460 superbi

657 1476 717 1514 Et
743 1477 929 1514 manibus
956 1476 1062 1513 dura
1083 1477 1224 1527 frique
1249 1476 1395 1514 habere
1416 1477 1530 1527 pila.-

598 1541 651 1580 Et
679 1543 787 1593 cupit
812 1542 951 1580 iratum
977 1542 1084 1581 talos
1110 1555 1172 1581 me
1198 1554 1373 1592 poscere
1402 1543 1578 1582 eburnos

657 1606 858 1660 Quaeque
884 1608 1010 1646 nitent
1036 1618 1156 1646 sacra
1180 1607 1283 1646 vilia
1312 1607 1418 1647 dona
1443 1609 1524 1647 via.

240 1671 436 1717 Scilicet
467 1672 670 1718 tenellae
702 1673 998 1718 mulierculae
1031 1674 1266 1719 Romanae
1298 1676 1481 1723 nimiumr
1506 1674 1709 1719 calorem
1740 1677 1841 1716 arte
1872 1673 2137 1732 mitigabant
2185 1678 2232 1717 et
2273 1686 2350 1718 re-

237 1744 519 1805 frigerabant
547 1747 605 1804 ⁵).

359 1818 461 1867 Sed
493 1820 634 1881 longe
666 1823 902 1866 maximam
924 1826 1099 1883 partem
1132 1825 1319 1868 ornatus
1350 1821 1581 1868 muliebris
1611 1822 1805 1882 insignia
1835 1821 1919 1867 illa
1941 1821 2199 1878 conficiunt,
2231 1834 2348 1880 quae

236 1897 413 1941 nomine
445 1895 507 1941 ad
538 1909 633 1942 rem
666 1895 1010 1957 significandam
1041 1911 1132 1942 nou
1160 1899 1273 1942 satis
1305 1902 1412 1959 apto
1447 1912 1475 1942 a
1507 1897 1787 1943 nostratibus
1817 1899 2109 1957 maryaritae
2146 1895 2352 1942 Celticae

236 1970 543 2033 appellantur.
606 1972 681 2018 De
713 1971 873 2032 quibus
919 1973 958 2016 si
992 1972 1130 2034 paulo
1164 1974 1395 2034 copiosius
1429 1987 1668 2034 exponam,
1702 1974 1896 2034 gratiam
1934 1986 2005 2017 me
2036 1971 2092 2016 ab
2125 1972 2181 2015 iis
2213 1972 2351 2015 initu-

238 2060 335 2089 rum
366 2060 519 2107 spero,
553 2048 627 2106 qui
657 2061 806 2092 rerum
826 2048 1106 2107 antiquarum
1137 2046 1332 2093 studiosi
1364 2052 1482 2092 sunt.
1546 2048 1679 2092 Haec
1712 2052 1860 2093 autem
1885 2053 2148 2091 ornamenta
2180 2051 2258 2090 aut
2288 2060 2350 2091 ex

235 2123 357 2167 vitro
397 2125 476 2166 aut
515 2135 578 2166 ex
613 2123 787 2183 aryilla
817 2126 895 2167 aut
930 2135 993 2168 ex
1033 2126 1224 2170 succino
1256 2122 1382 2169 facta
1415 2136 1556 2184 opere
1589 2124 1690 2184 ipso
1724 2122 2016 2182 colorumque
2047 2123 2276 2168 varietate
2308 2124 2356 2166 et

235 2194 486 2257 splendore
503 2198 657 2241 mirum
671 2201 882 2256 quantum
895 2197 1145 2243 excellunt.
1178 2197 1444 2244 Formarum
1456 2199 1604 2244 omnia
1619 2211 1793 2259 genera
1808 2197 1993 2243 tabulae
2004 2201 2190 2242 nostrae
2208 2196 2351 2253 (Tab.

233 2271 270 2316 1.
290 2269 363 2316 48.
384 2275 432 2315 et
448 2271 523 2315 50.
542 2271 660 2316 Tab.
686 2272 746 2315 ΙΙ.
770 2271 845 2315 48.
881 2272 998 2316 a—f
1014 2272 1216 2317 (il-433.
1237 2273 1342 2332 21⁰.)
1377 2273 1581 2318 referunt
1599 2286 1657 2318 ex
1688 2273 1846 2334 lapide
1876 2272 2064 2317 chartae
2086 2274 2348 2332 impressae.

356 2345 512 2405 Atque
543 2347 707 2392 vitreis
733 2348 919 2407 primum
942 2348 1276 2408 comprobatur,
1310 2348 1432 2408 quod
1455 2346 1577 2409 apud
1602 2348 1797 2393 Plinium
1826 2350 1875 2405 ⁶]
1904 2347 2097 2406 legimus
2119 2348 2348 2406 scriptum,

233 2418 359 2465 aliud
389 2421 554 2466 vitrum
586 2419 695 2465 flatu
726 2420 927 2481 figurari,
960 2421 1086 2466 aliud
1119 2427 1253 2469 torno
1287 2425 1386 2481 ted,
1421 2421 1548 2468 aliud
1580 2424 1758 2483 argenti
1785 2421 1920 2468 modo
1954 2422 2138 2468 caelari.
2208 2421 2346 2478 Quod

296 2603 328 2650 ¹)
357 2602 617 2655 cf.Boettig.
647 2603 672 2640 1.
702 2602 796 2641 c.1.
825 2614 865 2652 p.
897 2602 971 2644 166
998 2607 1040 2640 et
1063 2601 1154 2643 313.

281 2668 319 2716 ²)
348 2669 402 2708 cf.
429 2669 532 2718 Ejus
559 2674 684 2707 natur.
713 2668 807 2706 hist.
835 2668 860 2706 l.
888 2666 1120 2718 XXXVII,
1149 2680 1184 2707 c.
1211 2668 1274 2709 3¹.

282 2732 318 2782 3)
346 2733 400 2776 cf
429 2733 480 2773 de
506 2736 671 2788 gemmis
696 2735 838 2774 vitreis
866 2733 917 2777 Ο
944 2734 1124 2774 Mulleriz
1152 2733 1385 2774 Haudbuch
1409 2733 1479 2772 der
1506 2722 1634 2773 Arch.
1635 2700 1708 2774 K
1737 2747 1776 2785 p.
1803 2735 1895 2777 426.

283 2797 320 2848 ⁴)
345 2798 518 2851 Proper-t
542 2798 606 2850 11,
638 2800 687 2849 18
714 2801 777 2855 60.

284 2866 324 2914 ⁵)
352 2866 407 2905 cf.
433 2865 610 2918 Boettig.
638 2867 664 2907 l.
693 2878 727 2908 ο.
756 2867 797 2907 11
823 2873 913 2906 tom.
941 2880 979 2918 p.
1009 2867 1086 2911 135
1114 2872 1154 2906 et
1181 2867 1271 2907 208.

288 2931 324 2981 θ)
351 2932 456 2984 Ejus
481 2932 576 2975 hist.
602 2937 685 2973 nat.
711 2933 914 2985 xxxvl,
953 2934 1017 2978 66.
1039 2933 1112 2979 Ad
1136 2932 1242 2973 haec
1270 2933 1325 2973 cs.
1352 2934 1488 2976 liber-‚2
1518 2933 1661 2975 Gallus
1689 2932 1789 2974 oder
1824 2934 2023 2975 romische
2053 2934 2223 2976 Scenen
2263 2946 2337 2974 aus

358 2994 430 3034 der
455 2996 551 3036 zeit
577 2996 768 3048 Auguste
796 3002 875 3037 etc.
903 3010 988 3036 von
1013 2998 1087 3039 W.
1112 2997 1167 3036 A.
1193 2997 1354 3038 Becker
1381 2998 1415 3040 1.
1442 2996 1533 3039 Thl.
1563 3010 1605 3048 ι).
1637 2997 1723 3038 145.
