2645 3240
1291 108 1367 164 42

270 264 626 323 negotiatorum,
658 275 846 322 quorum
878 258 1019 304 multa
1050 262 1334 304 monumenta
1362 271 1498 317 quum
1526 256 1658 304 aliis
1665 259 1712 304 iu
1739 258 1873 330 loeis,
1896 254 2393 318 ΜΛΝ

271 338 526 385 delicorum
559 336 713 383 adhuc
743 340 957 392 exstant,
1001 348 1119 395 quae
1158 333 1267 380 urbs
1294 334 1392 393 jam
1424 333 1672 393 antiquitus
1719 326 1828 381 erat
1854 331 2184 381 seeum-uin
2209 341 2393 380 *r

271 408 430 460 turae
425 415 569 474 quasi
600 412 788 459 officina
825 413 880 467 ί).

398 489 518 535 Tum
551 486 825 541 edocemur,
856 486 902 529 iu
932 498 991 529 ea
1021 485 1299 545 potissimum
1331 485 1544 545 regione,
1576 496 1667 543 qua
1702 482 2053 544 stumque
2070 443 2219 527 statim
2229 477 2394 542 sepulu-

272 563 476 621 chraque
514 562 772 606 invenimus
811 559 1023 617 antiqua,
1073 559 1423 620 propugnacula
1471 560 1644 619 imperii
1682 557 1895 603 Bouiani
1908 556 2076 603 fuisse
2091 555 2340 603 barbach
2332 558 2396 601 ά

274 639 420 698 primo
453 634 646 680 saeculo
679 647 722 678 a.
755 631 866 679 Chr.
899 634 1115 694 opposita
1146 639 1195 679 et
1223 638 1431 695 postea,
1443 633 1519 679 ubi
1552 637 1820 695 expugnata
1844 629 2109 676 suntabsi-
2132 635 2182 677 et
2201 627 2397 676 adn-b

274 713 406 767 loca,
439 724 556 770 quae
594 708 786 754 Bouiani
819 712 946 751 trans
978 707 1234 752 Danubium
1267 713 1623 769 occupaverant.
1685 708 1738 754 lu
1767 706 1838 752 his
1861 702 2042 767 quidem
2072 716 2396 767 prmum-

276 786 339 831 lis
371 791 417 831 et
448 787 567 829 intra
599 783 782 828 limitem
814 781 1033 842 pervigili
1065 795 1179 827 cura
1200 781 1500 828 excubabat·
1486 797 1650 843 iugens
1676 782 1862 829 militum
1883 794 2118 836 numerus,
2143 779 2309 840 v«justius
2335 777 2398 824 ad

275 860 572 907 excitandam
606 858 745 904 officii
777 856 978 902 faciendi
1011 855 1297 902 alacritatem
1327 860 1430 918 agri
1462 871 1563 904 cum
1595 873 1781 905 onerum
1810 856 2090 921 publicorum
2123 855 2398 900 imm-itate

277 936 475 997 aliisque
528 934 762 980 beneficiis
804 934 869 978 ita
912 931 1008 978 dati
1051 937 1181 989 sunt,
1228 937 1280 978 ut
1308 931 1582 979 hereditatis
1618 935 1729 993 jure
1770 934 1877 981 filiis
1913 933 2337 989 transmitterentur
2350 936 2400 977 et

275 1014 333 1056 iis
369 1009 620 1070 aliquando
652 1007 840 1054 militiae
872 1006 1134 1069 obligandis
1157 1010 1221 1066 ²).
1282 1007 1451 1070 Longe
1481 1012 1633 1055 autem
1659 1011 1856 1055 maxima
1875 1023 2048 1058 eorum
2045 1022 2160 1071 pars
2183 992 2400 1055 Germani

275 1087 460 1131 fuerunt
504 1091 552 1130 et
584 1086 739 1139 Galli,
773 1085 847 1142 qui
879 1086 1020 1128 tantis
1052 1085 1263 1144 praemiis
1296 1085 1563 1144 provocati,
1609 1097 1699 1143 quo
1732 1087 1885 1144 magis
1911 1086 2169 1146 posteriore
2196 1088 2400 1144 tempore

283 1162 479 1207 Romani
512 1159 676 1205 molles
709 1165 756 1204 et
788 1159 948 1218 ignavi
981 1165 1243 1204 castrenses
1275 1158 1462 1205 labores
1504 1158 1890 1219 barbarorumque
1933 1158 2161 1204 feritatem
2191 1157 2401 1205 reformi-

277 1235 475 1291 dabant,
509 1249 567 1280 eo
600 1235 875 1295 promtiores
910 1239 958 1279 et
990 1235 1246 1294 paratiores
1278 1235 1365 1294 ipsi
1396 1237 1529 1279 erant
1559 1232 1621 1278 ad
1652 1234 1861 1295 pericula
1891 1233 2144 1279 subeunda.

405 1310 650 1355 Postremo
684 1307 775 1353 hoc
807 1313 1026 1368 apparet,
1073 1307 1159 1353 hos
1191 1321 1347 1354 omnes
1379 1308 1545 1354 milites
1587 1308 1675 1354 sub
1716 1309 1861 1369 signis
1905 1306 2070 1354 ductos
2099 1320 2220 1354 esse
2258 1307 2401 1368 leyso-

275 1387 354 1431 m‘s
388 1387 556 1430 tertiae
583 1385 805 1438 Italicae,
838 1396 956 1441 quae
988 1382 1145 1427 ultima
1173 1384 1478 1429 Romanorum
1510 1388 1716 1445 tempora
1752 1385 1799 1428 iu
1830 1384 2010 1429 Raetiis
2041 1382 2159 1430 vidit
2179 1384 2237 1439 ³).

403 1459 536 1513 Quae
584 1473 716 1517 quum
758 1459 823 1501 ita
863 1458 978 1512 siut,
1013 1457 1119 1516 quid
1154 1463 1306 1515 vetat,
1355 1472 1440 1503 nos
1473 1459 1786 1517 conjecturam
1832 1458 1893 1504 de
1923 1456 2184 1518 sepulchris
2233 1468 2403 1518 capere

281 1533 558 1578 certiorem?
603 1532 729 1576 Ante
762 1533 996 1577 enimvero
1012 1534 1108 1590 jam
1129 1532 1464 1588 demonstravi,
1498 1531 1668 1578 indicia
1697 1531 1920 1592 quaedam
1949 1533 2169 1592 temporis
2189 1531 2402 1588 subesse,

277 1619 370 1666 quo
411 1621 470 1652 ea
513 1606 640 1651 sacta
685 1612 903 1666 putemus.
981 1607 1088 1652 Hoc
1132 1612 1280 1652 autem
1334 1613 1538 1668 tempore
1585 1609 1673 1652 etsi
1719 1608 1970 1653 Romanum
2018 1608 2251 1667 imperim<
2288 1606 2403 1651 con-

281 1683 479 1736 tinetur,
514 1686 662 1726 tamen
690 1680 908 1726 Romanis
938 1682 1051 1742 ipsis
1082 1696 1268 1729 munera
1287 1681 1630 1744 sepulchrorum
1648 1688 1894 1744 propterea
1909 1681 2138 1729 vindicari
2163 1685 2403 1742 nequeunt,

280 1757 403 1817 quod
439 1771 557 1816 quae
590 1758 776 1801 mortuis
811 1758 840 1799 ii
873 1755 1098 1802 addidere
1132 1764 1396 1803 ornamenta
1444 1756 1514 1802 his
1547 1763 1651 1803 sunt
1681 1757 1993 1803 dissimillima.
2063 1755 2166 1804 Sed
2195 1758 2235 1810 si
2265 1769 2403 1805 reco-

279 1833 413 1878 limus
447 1832 705 1885 uobiscum,
756 1846 873 1890 quae
907 1834 971 1896 rei
1006 1838 1230 1877 momenta
1262 1848 1348 1879 nos
1381 1840 1487 1878 aute
1511 1834 1556 1890 ⁴)
1589 1833 1868 1897 impulerint,
1901 1838 1952 1879 ut
1983 1846 2127 1894 opera
2158 1834 2342 1892 antiqua
2377 1847 2405 1876 a

276 1914 419 1968 gente
453 1906 646 1966 quadani
681 1920 781 1952 cum
814 1907 1031 1953 Romanis
1065 1910 1246 1954 sociata
1278 1915 1325 1955 et
1357 1908 1419 1954 ad
1459 1909 1613 1956 officia
1644 1908 2121 1955 militariardestinata
2152 1906 2405 1970 repetenda

279 1996 388 2027 esse
414 1996 755 2041 auguraremur,
788 1983 832 2026 in
853 1981 961 2028 Cel
980 1985 1057 2027 tis
1092 1985 1439 2029 consistere
1471 1984 1636 2029 licet.
1683 1985 1744 2029 Hi
1765 1986 1879 2029 enim
1901 1989 1951 2029 ut
1968 1989 2158 2029 tenaces
2178 1988 2310 2029 eraut
2326 1998 2404 2026 ar-

284 2060 419 2112 tium,
465 2072 578 2116 quas
608 2072 637 2100 a
679 2057 883 2116 patribus
915 2064 1241 2118 perceperant,
1276 2061 1340 2103 ita
1377 2059 1554 2104 alienas
1596 2058 1762 2119 cupide
1798 2059 2075 2120 appetebant
2106 2060 2312 2119 sciteque
2344 2057 2405 2103 ad

282 2147 393 2176 suas
444 2130 866 2177 accommodabant.
946 2132 1176 2186 Quocirca
1224 2138 1408 2177 causam
1451 2132 1766 2193 intelligimus,
1819 2145 1900 2178 cur
1949 2132 2080 2178 donis
2132 2137 2404 2179 mortuorum

288 2213 335 2250 et
368 2220 425 2250 ea
459 2205 680 2264 adjuncta
711 2205 901 2261 fuerint,
934 2220 1052 2265 quae
1082 2206 1268 2251 formam
1302 2208 1414 2251 artis
1447 2206 1616 2253 habent
1648 2208 1863 2253 Romanis
1896 2208 2119 2254 usitatam.
2181 2208 2289 2254 Nec
2321 2211 2403 2254 mi-

283 2296 380 2326 rum
415 2286 508 2336 est,
554 2280 676 2341 quod
719 2282 762 2324 in
810 2279 1078 2325 conditoriis
1121 2281 1274 2327 nullos
1319 2298 1476 2328 numos
1520 2288 1705 2344 praeter
1736 2283 1967 2336 Romanos
2009 2282 2402 2351 deprehendimus.

281 2354 671 2403 Connmerciorum
705 2358 821 2401 enim
869 2357 912 2399 in
946 2358 1186 2417 provincia
1229 2373 1336 2404 usus
1371 2357 1417 2403 id
1459 2373 1591 2404 unum
1624 2360 1846 2424 pecuniae
1890 2373 2035 2420 genus
2067 2358 2269 2420 ferebat,
2314 2375 2403 2421 quo

278 2430 515 2492 stipendia
548 2434 683 2477 etiam
715 2429 1008 2477 militantibus
1042 2432 1441 2492 persolvebantur
1505 2433 1620 2480 Ex
1609 2436 1665 2479 iis
1697 2441 1859 2490 autem,
1888 2449 2008 2494 quae
2038 2434 2098 2481 de
2120 2436 2257 2485 rebus
2276 2428 2427 2481 Rae-‘

279 2508 382 2551 ticis
407 2505 530 2563 dixi,
564 2506 611 2551 id
654 2505 759 2551 mihi
793 2505 960 2552 videor
992 2512 1234 2553 assecutus
1264 2521 1395 2566 esse,
1428 2515 1482 2555 ut
1511 2508 1607 2566 eos,
1639 2512 1722 2571 qui
1750 2512 1800 2556 in
1831 2525 1949 2570 affro
1978 2509 2407 2571 Nirdendoepensi

276 2580 448 2640 sepulti
481 2586 633 2635 erant,
666 2587 849 2641 pateret
880 2583 1159 2641 defensores
1186 2589 1238 2628 et
1265 2584 1485 2630 custodes
1503 2585 1622 2630 valle·
1638 2587 2036 2646 munitionumque
2058 2585 2191 2646 apud
2208 2584 2404 2633 Druso·

341 2816 374 2863 ¹)
404 2817 459 2866 cf.
488 2816 652 2855 Raiseri
681 2817 845 2867 scripta.

338 2885 376 2935 ²)
406 2889 461 2936 cf.
491 2887 584 2929 Ael.
610 2888 769 2940 Lampr.
798 2890 824 2927 l.
854 2901 888 2928 c.

342 2956 375 3005 3)
405 2960 459 3008 cf.
488 2971 614 3010 supra
641 2973 683 3011 p.
708 2961 772 3002 30.

342 3026 377 3075 ⁴)
407 3032 460 3078 ef.
493 3042 527 3068 s.
555 3044 595 3082 p.
622 3032 684 3073 34.
