2645 3240
364 246 539 300 Quen
583 245 908 304 Imperatorem
952 247 1025 305 qui
1049 248 1291 307 proxime
1299 248 1534 309 §.periet
1554 251 1716 295 temti
1746 256 1887 297 sunt.
1900 249 2396 313 {ediumque

268 332 369 366 cum
410 318 702 364 Allemaunis
742 333 899 365 omnes
938 320 1064 366 fore
1074 326 1425 382 pugnaverunt.
1487 321 1800 370 Ahmdae
1808 331 2035 388 namquq,
2028 325 2396 389 δοκι-ιω*

268 397 337 451 (ιι.
370 393 648 450 222—835)
679 408 741 440 ex
775 396 957 439 oriente
990 394 1052 440 ad
1089 395 1296 443 Rhenum
1328 401 1504 443 eontra
1510 395 1748 449 barbaros
1750 404 1971 449 -vooettu
1993 402 2094 449 m
2106 405 2396 465 nquam

268 475 483 516 narratur
514 483 612 515 cum
646 469 740 514 illis
762 470 865 515 acie
899 469 1180 528 conflixisse,
1204 480 1366 521 tamen
1398 470 1522 518 baud
1553 473 1654 518 seio
1686 485 1746 523 au
1767 472 1950 539 nullan
1979 474 2394 529 aliu-Germ-

270 561 365 591 rum
397 550 579 606 gentem
612 543 807 590 adortus
838 547 899 589 sit
937 547 1002 603 ι).
1035 546 1175 607 Isque
1207 546 1332 608 quod
1363 546 1721 610 prudentissime
1744 548 1953 597 instituit
1960 548 2175 608 faeere-4
2188 555 2240 598 ut
2252 554 2393 605 ›ffl-

267 621 392 665 tibus
422 622 676 665 limitaneis
717 620 839 664 dono
887 618 1021 665 daret
1064 636 1205 681 agros
1246 622 1460 670 hostibus
1489 630 1701 684 ereptos,
1741 622 1963 669 suentiu-
2001 636 2107 671 eos
2118 625 2394 675 utilitatum

268 700 410 751 ratus,
450 696 491 739 si
524 697 660 740 etiarn
693 711 777 739 sua
810 711 917 740 rura
951 695 1252 743 defenderent
1291 699 1353 754 ²),
1389 697 1435 743 id
1469 712 1634 757 magna
1666 712 1765 743 cum
1798 698 1864 741 rei
1897 697 2102 745 utilitate
2123 699 2232 749 aliz
2237 701 2391 763 Imp&

269 776 451 815 ratores
484 772 643 815 imitati
676 774 794 815 sunt.
2165 802 2167 809 ,

393 845 469 891 Ex
502 846 558 889 iis
581 845 887 892 Maxe‘minus
911 844 1084 892 Thrax
1109 825 1400 903 (235-238)
1433 822 1632 904 trajecto
1650 845 1862 905 fortasse
1875 832 2032 909 prope
2051 803 2397 910 Moguntpqcum

267 917 434 964 Rheno
469 933 531 965 ex
552 917 760 966 hostibus
792 917 837 962 h.
864 932 904 962 e
925 918 1232 976 Allemaunis‚
1265 922 1341 980 qui
1373 933 1427 975 se
1456 922 1578 974 intra
1598 919 1795 982 paludes
1827 920 1940 982 fuga
1971 926 2394 983 receperaugissan—

267 999 357 1037 tam
383 996 623 1039 victoriam
642 993 799 1038 retulit
824 993 886 1052 ³),
920 998 969 1037 ut
991 995 1022 1038 ii
1040 1007 1125 1054 per
1145 993 1777 1056 aliquod-tempus-Romanos
1796 995 2129 1044 incursionibus
2157 994 2394 1058 lacessere

265 1068 560 1114 desisterent.
2317 1121 2320 1122 ⁷

390 1143 491 1190 Sed
526 1142 796 1188 turbulentis
830 1143 1023 1187 motibus
1058 1159 1189 1204 quum
1226 1146 1395 1208 civitas
1428 1145 1635 1190 Romana
1667 1147 1711 1189 in
1746 1147 1815 1190 sui
1836 1146 2188 1191 internecionem
2221 1144 2397 1191 fureret

273 1221 564 1279 dignitasque
597 1221 892 1278 imperatoria
925 1218 1130 1279 praedae
1163 1220 1271 1265 loco
1305 1219 1565 1278 haberetur,
1599 1236 1729 1281 quam
1766 1220 2057 1265 felicissimus
2088 1222 2279 1280 quisque
2310 1236 2395 1282 pro

268 1296 455 1340 militum
475 1294 664 1339 arbitrio
694 1295 933 1353 arriperet,
967 1293 1229 1339 Allemanni
1263 1293 1561 1352 (eas—260)
1595 1296 1774 1341 invitat-i
1807 1308 1913 1340 esse
1942 1293 2170 1351 videntur,
2203 1300 2253 1340 ut
2284 1309 2392 1356 per-

270 1376 405 1431 rupto
439 1370 581 1415 limite
614 1371 658 1413 in
692 1370 975 1430 provinciam
1001 1368 1318 1415 invaderent.‘
1352 1366 1462 1415 Nec
1481 1369 1780 1416 Posthumus
1813 1368 1908 1414 dux
1951 1369 2196 1416 Valeriani
2218 1368 2391 1428 (253-

264 1446 382 1501 260)
416 1446 602 1505 saepius
636 1458 736 1488 cum
780 1442 913 1487 hoste
946 1436 1153 1488 secundo
1197 1444 1351 1490 Marte
1385 1445 1665 1502 congressus
1698 1442 1918 1504 impedire
1950 1445 2120 1503 potuit,
2163 1446 2397 1503 quominus

270 1521 336 1565 illi
372 1534 487 1580 agro
520 1519 759 1563 Nicarano
802 1525 847 1563 et
880 1519 1047 1563 Raetia
1080 1519 1211 1578 potiti
1248 1519 1298 1574 ⁴)
1331 1517 1470 1579 paulo
1502 1520 1635 1579 post‚'
1678 1519 1875 1562 vastatis
1909 1516 2099 1570 Galliis,
2141 1519 2186 1561 in
2218 1517 2398 1563 Italiam

268 1599 412 1656 ipsam
446 1599 740 1655 penetrarent
777 1595 836 1650 ⁵).

393 1668 508 1715 Inde
541 1669 599 1713 ab
633 1669 901 1713 Aureliano
935 1666 1242 1726 (wo-275),
1275 1668 1350 1728 qui
1385 1672 1431 1712 et
1464 1664 1739 1712 Vindelicos
1773 1664 1830 1710 ab
1877 1664 2117 1711 obsidione
2151 1664 2393 1712 barbarica

267 1747 486 1791 liberavit
525 1747 589 1801 6),
622 1743 757 1804 pulsi,
778 1746 829 1799 7)
863 1743 1108 1804 Ρνοόῐιμιε
1140 1740 1442 1802 (276÷282)
1473 1743 1608 1786 armis
1642 1739 1889 1786 identidem
1922 1742 2035 1786 victi
2075 1742 2123 1796 Β)
2165 1745 2254 1786 tum
2289 1742 2390 1801 qui·

268 1821 371 1867 dem
406 1820 467 1865 ad
500 1818 742 1865 Abnobam
775 1823 969 1864 montem
1003 1824 1050 1864 et
1083 1818 1209 1864 circa
1241 1816 1433 1866 Nicrum
1466 1816 1650 1863 fluvium
1682 1814 1822 1861 sedes
1856 1815 2066 1861 fixerunt.

394 1896 593 1942 Probus
625 1900 790 1952 autem,
823 1895 958 1953 cujus
989 1892 1239 1955 singularis
1269 1893 1356 1939 fuit
1386 1893 1434 1949 in
1465 1893 1716 1954 provinciis
1758 1889 2125 1936 administrandis
2155 1889 2392 1947 industria,

270 1972 394 2032 quod
427 1970 488 2015 ad
521 1972 713 2015 Raetias
745 1970 1023 2029 potissimum
1057 1984 1087 2013 a
1118 1968 1326 2013 barbaris
1360 1966 1575 2013 tutandas
1609 1966 1745 2022 fecit,
1776 1967 1953 2025 magnis
1986 1967 2260 2026 scriptorum
2292 1965 2396 2010 lau-

273 2047 408 2091 dibus
452 2047 652 2090 effertur.
689 2044 958 2089 ,Germanis
991 2045 1106 2087 euim
1143 2058 1313 2087 summa
1343 2044 1393 2087 vi
1416 2042 1659 2102 prostratis
1694 2040 1935 2100 multisque
1956 2054 2111 2085 eorum
2130 2040 2397 2099 juvenibus,

269 2138 390 2183 quos
421 2121 642 2166 militiIms
675 2121 927 2164 limitaneis
960 2121 1202 2172 insereret,
1236 2117 1462 2171 abductis,
1496 2115 1680 2160 limitem
1714 2115 1962 2161 Romanum
1995 2116 2183 2160 munivit
2215 2119 2263 2160 et
2306 2129 2394 2161 ex-

327 2281 359 2329 ¹)
390 2281 444 2330 cf.
474 2277 694 2317 Herodian.
724 2275 799 2317 v1.
828 2277 879 2325 7.‚
908 2275 1000 2313 Ael.
1028 2272 1227 2324 Lamprid.
1256 2273 1378 2314 Alex
1408 2271 1806 2321 Sev.h1X.‚etiam
1835 2270 2044 2310 Staelinl.
2075 2281 2112 2308 c.
2132 2282 2171 2321 p.
2204 2269 2291 2310 117

327 2351 363 2400 ²)
394 2353 447 2401 cf.
464 2351 558 2388 Ael.
574 2351 732 2400 Lampr
750 2349 860 2387 Alex
875 2347 977 2386 Sev.
993 2344 1168 2385 Lvma
1182 2367 1236 2375 —
1259 2345 1374 2395 Sola,
1400 2356 1506 2396 quae
1518 2342 1570 2382 de
1584 2342 1771 2383 hostibus
1787 2347 1906 2393 capta
1921 2347 2027 2392 sunt,
2053 2341 2264 2381 limitaneis
2279 2340 2397 2381 duci-

397 2415 475 2452 bus
504 2418 545 2450 et
572 2412 759 2449 militibus
788 2410 967 2457 donavit,
995 2410 1051 2446 ita
1079 2414 1122 2446 ut
1150 2421 1284 2446 eorum
1311 2412 1466 2456 essent,
1495 2407 1532 2444 si
1558 2401 1761 2443 haeredes
1789 2403 1939 2442 illorum
1957 2404 2177 2454 militarent,
2199 2413 2284 2442 nee
2310 2416 2391 2442 un-

400 2487 517 2525 quam
546 2473 598 2511 nd
626 2473 809 2524 privatos
836 2472 1095 2522 pertinerent.
1151 2467 1323 2507 Addidit
1349 2480 1452 2507 sane
1478 2467 1544 2505 his
1581 2471 1622 2504 et
1650 2465 1833 2504 animan·
1876 2471 1918 2503 et
1945 2476 2113 2515 servos,
2154 2470 2210 2503 ut
2223 2470 2398 2515 possent

398 2537 536 2574 colere
566 2533 676 2586 quod
704 2538 961 2585 aeceperunt,
988 2544 1043 2570 ne
1070 2543 1143 2582 per
1179 2531 1352 2581 inopiam
1379 2530 1574 2568 hominum
1612 2528 1682 2566 vel
1716 2539 1790 2578 per
1817 2532 2066 2566 senectutem
2101 2525 2397 2577 possidentium

399 2598 685 2638 desererentur
710 2607 803 2635 rura
829 2595 967 2633 vicina
992 2594 1190 2643 barbaris,
1219 2592 1328 2644 quod
1354 2592 1624 2642 turpissimum
1650 2589 1718 2629 illo
1746 2588 1934 2630 ducebat.

325 2671 359 2721 8)
390 2673 446 2722 cf.
475 2667 699 2708 Herodian.
726 2668 821 2707 VH.
850 2668 888 2705 2.

330 2743 365 2792 ⁴)
395 2744 449 2794 es.
479 2739 664 2781 Eumenii
690 2752 883 2793 panegyr.
914 2738 1157 2779 Constantio
1186 2735 1333 2787 dictus,
1363 2748 1399 2775 c.
1432 2734 1492 2776 10.

322 2816 358 2864 ⁵)
387 2816 441 2865 cf.
470 2814 638 2864 Eutrop.
666 2811 739 2851 1x.
767 2812 806 2853 8.

324 2887 358 2933 ὅ)
388 2888 444 2935 cf.
471 2886 536 2924 Fl.
564 2885 738 2935 vopisc.
767 2883 910 2934 syrac.
938 2882 1073 2920 Divus
1101 2882 1324 2930 Aurelian„
1354 2891 1391 2919 e.
1418 2879 1482 2920 34.

325 2957 361 3006 ⁷)
391 2959 445 3006 cf.
475 2957 664 2996 Zonaras
697 2953 791 2996 ΧΠ.
819 2956 883 2996 24.

324 3028 360 3073 8)
390 3030 444 3077 cs.
471 3029 643 3079 Vopise.
668 3028 830 3067 Probu-
862 3026 924 3067 13.
950 3031 993 3065 et
1025 3024 1087 3066 14.
