2645 3240
1302 98 1376 161 22

399 247 691 297 Veniendum
723 249 863 309 igitur
895 247 956 292 ad
985 248 1060 306 id,
1103 247 1226 310 quod
1266 248 1485 310 proposui
1519 248 1713 301 tuti-m»
1774 248 2035 305 Enimvero
2067 247 2169 296 alin.
2191 252 2400 310 quaestio

272 330 369 383 est,
412 328 496 387 qui
520 327 711 386 suerint
749 324 844 380 itti,
887 339 1003 384 quos
1042 330 1243 379 mortuos
1276 324 1426 379 vtunt&
1467 328 1560 374 tan
1591 321 1979 383 putentissimis
2010 325 2262 373 honoratos
2293 339 2401 379 esse

272 401 521 448 videmus?
565 403 709 459 Quae,
732 402 942 459 quaestio
977 415 1066 461 quo
1097 403 1245 462 magis
1287 400 1350 447 ad
1391 397 1742 459 cognoscendas
1773 400 1957 460 priscae
1998 404 2165 449 aetatis
2196 404 2399 450 rationes

271 480 466 523 interest
498 483 546 523 ut
590 481 718 522 recte
748 475 985 533 solvatur,
1031 490 1088 522 eo
1121 478 1298 536 majore
1332 475 1484 521 studio
1518 476 1641 520 enixi
1672 480 1778 519 sunt
1793 475 2074 545 viri-docti,
2094 479 2399 549 ut'obscuri-

273 558 412 598 tatem
450 553 516 596 rei
549 556 687 612 atque
719 549 1046 597 dubitationem
1079 552 1396 618 dispellerent,
1449 613 1451 615 ι

396 628 553 687 Atque
585 629 707 673 viam
739 627 940 687 praeivit
972 626 1034 671 ad
1083 641 1244 695 verum
1274 622 1647 698 investigandum
1675 626 1748 686 qui
1781 624 1827 669 in
1857 612 2025 669 diurna
2055 634 2259 672 actorum
2281 630 2401 673 scri-

271 707 430 765 ptura,
485 702 559 749 cui
592 717 620 747 a
652 700 878 747 lectorum
911 701 1216 748 universitate
1256 715 1419 748 nomen
1453 706 1526 747 est
1557 700 1839 762 inscriptum,
1890 706 2057 759 quanta
2089 712 2217 750 esset
2256 705 2400 750 nostri

277 779 496 839 temporis
529 779 574 822 in
609 775 885 840 detegendis
919 777 1116 835 antiquis
1148 779 1447 823 monumentis
1479 776 1681 822 felicitas
1714 776 1975 822 doctissime
2012 780 2242 838 exposuit.
2272 782 2323 836 ¹)

400 854 449 898 Is
483 858 632 898 autem
666 853 943 914 comparatis
976 853 1096 897 inter
1124 866 1178 897 se
1212 866 1330 911 quae
1362 867 1494 915 quum
1527 866 1611 914 per
1642 854 1901 898 universam
1933 852 2217 899 Germaniam
2255 868 2399 915 usque

273 929 335 974 ad
369 928 713 975 Chersonesum
747 926 1021 974 Cimbricam
1054 932 1221 973 coacta
1254 933 1344 972 tum
1376 929 1632 988 nuperrime
1665 927 1789 988 apud
1819 924 2068 974 Helvetios
2089 915 2148 974 >et
2179 925 2397 977 Bavaros

272 1006 318 1050 in
351 1018 466 1066 agro
501 1003 877 1064 Tittmaningano
907 1003 953 1063 ²)
987 1008 1034 1048 et
1066 999 1482 1066 Norden'dorpensi
1528 999 1698 1048 effossa
1732 1008 1836 1047 sunt
1868 1005 2146 1063 antiquitatis
2185 1005 2399 1067 operibus

270 1086 409 1140 atque
450 1094 534 1142 per
588 1084 769 1125 aetates
806 1077 1007 1140 'digestis
1054 1093 1153 1124 eam
1202 1079 1517 1138 conjecturam
1562 1078 1698 1141 fecit,
1755 1085 1802 1124 ut
1849 1081 2141 1139 antiquitates
2173 1080 2396 1127 Norden-

271 1156 526 1216 dorpenses
560 1170 588 1199 a
609 1156 786 1201 saevis
819 1155 1056 1216 profectas
1091 1169 1199 1199 esse
1230 1154 1409 1202 diceret
1449 1153 1740 1200 Christianae
1771 1155 1996 1200 formulae
2022 1157 2118 1214 jam
2146 1156 2398 1203 adstrictis.

272 1231 449 1277 Videre
480 1233 596 1277 enim
615 1231 702 1276 sibi
734 1233 865 1277 visus
899 1237 971 1277 est
1005 1232 1092 1276 Vir
1112 1232 1332 1291 egregius
1366 1236 1495 1276 certa
1526 1232 1582 1275 iis
1607 1232 1809 1292 vestigia
1829 1233 2064 1293 impressa,
2098 1233 2258 1292 quibus
2281 1247 2398 1294 quae

274 1306 623 1368 sepulchrorum
655 1307 834 1354 saeculi
867 1308 1011 1368 quarti
1046 1308 1275 1368 quintique
1308 1324 1348 1370 p.
1366 1304 1476 1353 Chr.
1509 1306 1554 1351 in
1570 1305 1816 1375 Germania
1841 1309 2027 1372 propria
2052 1313 2209 1354 essent
2234 1313 2281 1354 et
2311 1323 2398 1370 pe-

273 1383 468 1428 culiaria
501 1383 883 1443 significarentur.
946 1382 1129 1443 Nempe
1161 1381 1285 1427 illius
1319 1383 1534 1445 temporis
1556 1382 1824 1434 ⁴muneribus
1855 1382 1968 1427 nihil
2009 1397 2117 1429 esse
2150 1383 2399 1430 admixtum

268 1460 448 1505 censuit
489 1458 677 1505 aliunde
721 1475 749 1505 a
782 1459 999 1505 Romanis
1032 1457 1283 1514 adscitum,
1324 1458 1410 1504 sed
1441 1459 1642 1504 nativam
1676 1458 1917 1505 Gallorum
1955 1457 2038 1505 vel
2069 1458 2398 1506 Germanorum

270 1539 414 1581 artem
447 1536 726 1592 restitutam,
771 1535 1058 1596 quantumvis
1091 1533 1373 1583 emendatam
1407 1540 1545 1595 atque
1580 1533 1837 1593 excultam,
1876 1540 1923 1578 et
1954 1531 2230 1581 Christianis
2261 1535 2395 1581 etiam

269 1610 528 1671 insignibus
559 1617 775 1657 notatam.
839 1610 1089 1671 Utrumque
1123 1615 1287 1668 autem,
1321 1616 1368 1656 et
1402 1605 1704 1658 Germanicae
1738 1613 1849 1657 artis
1886 1608 2085 1657 indolem
2117 1610 2396 1672 formamque

267 1686 391 1732 hand
423 1686 624 1733 fucatam
658 1692 705 1732 et
738 1700 973 1732 sacrorum
1005 1686 1368 1733 Christianorum
1403 1687 1699 1744 documenta,
1746 1687 1961 1750 operibus
1993 1700 2100 1733 esse
2132 1688 2395 1745 communia,

271 1776 391 1822 quae
431 1761 493 1808 ad
534 1761 683 1809 lacum
726 1763 1006 1808 Lemannum
1040 1769 1176 1825 atque
1217 1766 1262 1809 in
1294 1778 1410 1825 agro
1444 1763 1816 1825 Tittmaningano
1862 1761 1955 1808 luci
2003 1768 2159 1808 essent
2200 1761 2395 1809 reddita.

266 1838 369 1886 Sed
397 1840 606 1900 qnoniam
627 1837 724 1896 illa,
758 1844 806 1884 et
837 1839 1032 1886 artificio
1063 1847 1110 1887 et
1142 1855 1194 1886 re
1224 1843 1326 1903 ipsa
1357 1842 1527 1886 nostris
1560 1839 1799 1897 simillima,
1833 1838 1893 1886 ad
1912 1838 2214 1886 Allemannos
2245 1839 2394 1886 refer-

265 1922 436 1973 rentur,
472 1918 546 1976 qui
578 1916 662 1962 sub
697 1919 868 1961 exitum
904 1917 1080 1962 saeculi
1108 1918 1253 1977 quarti
1274 1915 1441 1977 p.Chr.
1466 1914 2219 1977 TriboccorumHelve'tiorumque
2246 1929 2395 1979 pagos

267 1990 538 2047 incolerent,
571 1995 925 2037 consentaneum
953 2005 1074 2048 esse,
1106 1992 1224 2038 haec
1257 1988 1437 2039 Suavis
1465 1992 1677 2049 tribuere,
1711 1997 1940 2053 cognatae
1972 1992 2141 2053 genti,
2170 1993 2305 2052 cnjus
2349 1993 2395 2036 in

269 2066 485 2112 ditionem
528 2071 721 2126 utraque
753 2066 920 2112 Raetia
964 2068 1126 2113 eodem
1161 2074 1364 2131 tempore
1397 2072 1629 2115 cessisset.
1694 2069 1759 2114 Et
1804 2070 1992 2116 Suevos
2031 2067 2211 2129 quidem
2254 2068 2394 2131 paulo

267 2147 375 2203 post
407 2140 524 2187 illud
556 2147 757 2202 tempus,
807 2158 896 2203 quo
928 2145 1064 2190 novis
1096 2148 1243 2190 sacris
1277 2147 1436 2192 initiati
1465 2151 1594 2203 sunt,
1639 2149 1840 2192 mortuus
1888 2158 1999 2190 suos
2039 2146 2083 2189 in
2114 2144 2205 2191 hoc
2245 2149 2395 2191 tractu

268 2218 588 2279 composuisse
621 2215 728 2262 inde
770 2218 1020 2276 conclusit,
1066 2221 1187 2280 qnod
1220 2228 1405 2283 praeter
1449 2235 1628 2268 crucem
1662 2223 1707 2267 in
1759 2224 1920 2269 ornatu
1953 2219 2235 2284 sepulchrali
2285 2221 2395 2267 nihil

242 2285 515 2349 haberent,
568 2307 656 2352 quo
691 2307 745 2339 se
789 2310 819 2339 a
860 2298 1052 2356 pristina
1104 2299 1431 2360 superstitione
1456 2299 1746 2360 Deorumque
1786 2314 1967 2345 suorum
2014 2298 2140 2345 cultu
2172 2298 2393 2344 liberatos

267 2382 375 2414 esse
408 2368 561 2429 palam
593 2368 815 2417 facerent.

282 2600 291 2604 -
323 2581 357 2628 ¹)
387 2582 442 2629 cf.
472 2581 644 2632 Allgem.
676 2581 858 2635 Zeitung
893 2583 945 2624 N.
974 2584 1156 2623 2713011.
1185 2585 1251 2624 27.
1279 2586 1423 2639 Jahrg.
1454 2586 1568 2628 1844.

319 2651 356 2702 ²)
387 2653 443 2702 cf.
484 2653 653 2691 annales
682 2654 905 2694 Societatis
943 2655 1163 2695 historicae
1198 2657 1489 2708 Monacensis,
1531 2659 1600 2710 qui
1633 2658 1815 2709 inscripti
1850 2664 1965 2696 sunt=
2015 2657 2393 2709 Oberbayerisches

392 2714 555 2753 Archiv
582 2714 646 2753 fur
672 2717 999 2757 vaterlindische
1012 2717 1278 2771 Geschichte,
1305 2727 1345 2760 et
1372 2721 1531 2773 quidem
1562 2734 1668 2773 quae
1697 2721 1737 2759 in
1764 2718 1839 2760 VI.
1867 2726 1959 2759 tom.
1981 2717 2013 2759 1.
2038 2725 2141 2758 sect.
2154 2732 2194 2771 p.
2216 2720 2266 2761 77
2287 2734 2391 2761 con-

394 2779 543 2816 tinetur
571 2783 869 2820 commentatio:
897 2782 1161 2835 Aufklirung
1187 2784 1287 2822 uber
1313 2785 1380 2823 die
1418 2786 1616 2825 Schlacht
1650 2797 1704 2823 zu
1735 2780 1961 2837 Fridolflng
1998 2782 2123 2822 durch
2157 2782 2223 2822 die
2258 2794 2391 2823 neue-

394 2845 488 2880 sten
515 2840 848 2893 antiquarischen
874 2844 1020 2886 Funde
1034 2851 1114 2887 ete.
1145 2859 1228 2892 von
1239 2848 1442 2888 Mamm
1470 2849 1596 2890 Koch.
1649 2848 1774 2888 Hunc
1798 2846 1985 2887 refellere
2011 2846 2148 2888 studet
2168 2848 2220 2892 in,
2238 2846 2391 2892 eisdem

396 2902 610 2944 annalibus
641 2905 735 2953 (Vl.
763 2911 856 2949 tom.
884 2906 943 2947 111
968 2912 1073 2948 sect.
1104 2920 1145 2960 p.
1170 2907 1286 2961 437.)
1313 2911 1363 2950 de
1390 2909 1741 2961 Koch-Semela
1762 2910 1805 2948 in
1830 2908 2140 2962 disquisition:
2167 2906 2390 2955 Provocir-

399 2974 459 3007 ter
483 2967 699 3020 Nachtrag
726 2974 806 3008 etc.
840 2969 912 3010 Ad
939 2982 1045 3022 quae
1071 2970 1215 3021 natth-
1254 2972 1375 3012 Koch
1411 2973 1634 3024 respondet
1671 2974 1714 3012 iu
1752 2971 1849 3013 vn.
1878 2979 1969 3017 tom.
2005 2972 2039 3013 1.
2079 2975 2186 3015 sact-
2227 2983 2267 3022 p.
2300 2972 2388 3012 152.

398 3029 507 3068 edita
533 3032 774 3082 scriptione:
802 3030 1101 3086 Erwiederung
1129 3038 1209 3073 etc.
