2645 3240
1204 92 1469 171 -Q-

273 241 720 301 *aldionem
751 253 1024 302 quamqua-
1031 239 1330 300 Amin-arius
1359 242 1690 304 impigerrimns
1709 242 1757 286 in
1782 243 1873 289 situ
1897 243 2138 304 locorum,
2147 260 2266 308 qnae
2296 262 2387 294 ve-

275 319 404 365 tu-
424 313 690 378 gangr-phi
721 319 979 372 recensuit,
1009 313 1300 376 explet-ndo
1328 329 1516 379 operam
1548 314 1809 378 perdidisse
1846 323 1983 379 atque
2014 322 2149 368 etiam
2178 323 2226 368 iu
2257 321 2380 408 aliis,

273 404 395 453 qnae
417 394 609 448 tractat,
640 402 818 437 errore
829 387 1031 436 videtur
1046 387 1208 451 lapsus
1235 403 1358 438 esse.

392 465 483 513 mn
510 466 740 511 enarratis
770 480 905 526 qnnm
935 478 1006 511 me
1036 478 1158 512 conv
1161 470 1261 511 erto
1291 465 1353 512 ad
1383 465 1433 512 id
1453 463 1708 523 dicendum,
1740 465 1865 526 qnod
1895 480 1996 512 mea
2022 466 2114 514 fert
2144 441 2385 527 sententia,

267 542 482 586 cantione
511 539 667 599 aliqua
696 553 815 601 opus
846 545 933 597 est,
964 553 1025 585 ne
1056 553 1115 585 eo
1145 541 1248 600 ipso
1278 543 1454 587 nomine
1485 543 1750 602 vituperer,
1787 556 1878 600 quo
1907 549 2156 589 commotus
2186 555 2300 603 snm,
2331 551 2383 591 nt

266 616 476 662 cusoria
505 628 746 678 personam
778 614 1023 674 aliquoties
1056 627 1276 673 gererem.
1339 615 1437 664 Res
1477 615 1593 662 enim
1639 620 1729 660 tam
1772 618 2060 676 praetricosa
2101 624 2174 664 est
2211 620 2381 666 tantis-

268 701 357 747 que
377 687 592 736 tenebris
623 689 858 742 involuta,
891 693 942 734 nt
971 689 1058 734 vix
1089 688 1147 734 ab
1177 688 1420 736 audentiae
1448 683 1634 736 erimine
1675 704 1729 736 se
1760 691 1994 736 immunem
2025 697 2254 753 praestet,
2298 695 2374 755 qni

266 769 400 810 certo
431 762 606 824 aliquid
637 762 698 809 de
728 777 787 809 ea
818 763 1076 825 pronuntiet
1107 770 1243 825 atque
1274 763 1508 811 decernat.

390 837 681 902 Quapropter
726 851 843 899 qnae
878 852 908 883 a
938 852 1009 893 me
1040 837 1248 885 dicentur
1287 841 1330 884 in
1363 854 1466 886 eam
1497 844 1671 901 partem
1705 840 1935 900 accipiant
1966 838 2196 897 lectores,
2230 847 2281 887 nt
2308 858 2381 889 me

266 920 436 960 tantum
468 914 599 961 velle
631 913 899 975 symbolam,
931 914 1325 975 quantulacunque
1348 917 1422 972 sit,
1454 917 1510 960 iis
1542 914 1756 961 conferre
1782 920 1957 977 putent,
1991 916 2066 975 qni
2097 918 2378 978 antiquitatis

265 989 420 1036 studia
450 988 621 1035 colunt.

390 1063 494 1111 Sed
528 1065 636 1120 tria,
677 1068 888 1124 qnantum
929 1078 1019 1125 ego
1051 1065 1311 1110 existimare
1338 1078 1548 1124 possum,
1588 1079 1725 1108 ansas
1758 1063 1993 1125 praebent,
2026 1065 2187 1125 quibus
2218 1072 2378 1114 tenere

264 1153 362 1185 rem
391 1138 506 1186 licet
537 1144 585 1184 et
624 1138 867 1200 impedire,
916 1154 1004 1199 quo
1035 1141 1177 1189 minus
1220 1140 1267 1183 in
1296 1139 1510 1184 immenso
1543 1138 1836 1198 conjectandi
1879 1154 2040 1201 campo
2083 1156 2229 1201 usqne
2260 1142 2377 1189 fluc-

263 1218 456 1275 tuemus.
519 1213 745 1260 Primum
774 1208 923 1259 autem
961 1216 1010 1260 in
1050 1216 1209 1263 numi-s·
1240 1213 1475 1259 Romanis
1507 1204 1697 1258 cernere
1727 1212 1832 1258 mihi
1870 1213 2051 1260 videor.
2116 1215 2299 1262 Etenim
2328 1216 2377 1262 hi

262 1290 398 1346 numi,
427 1289 636 1348 qnoniam
668 1288 991 1351 Imperatorum
1015 1287 1321 1336 Romanorum
1353 1286 1604 1335 nominibus
1635 1289 1840 1351 inscripti
1872 1294 1990 1346 snut,
2023 1292 2252 1352 temporis,
2285 1306 2376 1352 qno

264 1364 444 1427 mortni,
477 1377 592 1423 quos
626 1362 836 1421 diximus,
869 1362 1103 1408 desierunt
1133 1363 1335 1426 sepeliri,
1369 1362 1567 1423 aliquam
1597 1368 1749 1420 certe,
1784 1365 1966 1424 opinor,
2001 1364 2378 1424 significationem

263 1438 447 1483 habent.
484 1437 568 1487 *Id
607 1438 818 1498 profecto
851 1443 986 1483 extra
1018 1453 1192 1484 omnem
1224 1438 1548 1482 dubitationem
1581 1439 1775 1498 positum
1808 1444 1905 1492 est,
1946 1454 2035 1483 non
2068 1454 2207 1499 posse
2234 1443 2378 1500 prius

264 1512 521 1574 sepeliendi
551 1513 684 1559 finem
715 1513 885 1561 factum
917 1528 1043 1569 esse,
1086 1529 1218 1574 quam
1250 1514 1280 1559 ii
1311 1512 1619 1575 hperatores
1652 1511 1713 1558 ad
1746 1511 2027 1574 reipublicae
2059 1513 2377 1576 gubernacula

262 1587 509 1644 sedebant,
552 1602 738 1647 quorum
779 1589 958 1634 nomina
999 1589 1043 1632 in
1075 1590 1219 1633 numis
1262 1587 1456 1648 legimus
1501 1600 1564 1633 ex
1613 1602 1729 1649 agro
1761 1587 2176 1650 Nordendorpensi
2219 1591 2374 1636 erutis.

261 1661 398 1709 Ultra
428 1662 753 1725 Imperatorum
787 1668 984 1708 aetatem
1018 1665 1232 1721 terminos
1264 1661 1499 1724 prolatare
1532 1668 1579 1706 et
1611 1664 1655 1706 in
1675 1664 1932 1723 posteriora
1964 1663 2155 1709 saecula
2175 1664 2373 1710 descen-

263 1737 375 1783 dere
408 1729 494 1782 etsi
527 1740 670 1782 numis
702 1739 813 1799 ipsis
845 1752 936 1782 nou
967 1737 1269 1799 prohibemur,
1302 1752 1433 1797 quum
1465 1737 1563 1782 fieri
1595 1740 1806 1799 potuerit,
1839 1744 1889 1783 ut
1921 1740 1994 1798 qni
2015 1738 2155 1786 multo
2189 1745 2295 1785 ante
2327 1741 2375 1784 in

259 1827 347 1858 nsn
377 1812 560 1858 fuerunt
591 1814 710 1858 numi
742 1814 928 1858 mortuis
962 1810 1256 1869 adderentur,
1289 1816 1438 1857 tamen
1472 1816 1566 1869 est,
1616 1812 1737 1873 quod
1783 1828 1867 1859 nos
1911 1813 2168 1869 admoneat,
2203 1818 2253 1859 ut
2285 1813 2371 1860 hos

259 1886 403 1933 duces
434 1890 481 1932 in
514 1889 727 1948 temporis
761 1889 938 1933 ratione
971 1886 1256 1948 expiscanda
1287 1901 1345 1931 ne
1387 1887 1704 1946 relinquamus.
1768 1888 1987 1932 Nimirum
2021 1888 2191 1933 nullum
2223 1903 2373 1949 neque

259 1966 495 2023 argentum
536 1976 683 2021 neque
727 1976 807 2007 aes
841 1963 1063 2022 signatum
1098 1961 1329 2022 adjectum
1361 1967 1461 2007 erat
1493 1962 1751 2007 munet-Ibus
1784 1962 2152 2022 sepulchralibus
2185 1969 2374 2027 praeter

261 2038 468 2082 Romana
499 2036 582 2081 illa
610 2039 888 2082 nomismata.

382 2110 450 2156 At
482 2113 557 2170 qui
587 2111 807 2156 convenit
836 2108 1043 2165 credere,
1076 2107 1279 2154 homines
1313 2112 1440 2153 tanta
1471 2111 1631 2154 artium
1663 2110 1873 2154 ubertate
1915 2110 2181 2165 affluentes,
2227 2126 2373 2171 quan-

259 2191 350 2230 tam
392 2190 677 2230 monnmenta
717 2183 1162 2244 Nordendorpensia
1204 2182 1430 2238 indicant,
1475 2185 1516 2227 si
1558 2184 1750 2229 saeculo
1800 2186 1953 2245 quinto
1997 2190 2103 2247 post
2147 2185 2371 2245 expulsos

258 2261 492 2306 Romanos
524 2261 692 2322 Raetia
724 2262 855 2321 potiti
888 2263 1012 2314 sunt,
1056 2259 1120 2302 ita
1155 2260 1250 2302 suis
1281 2263 1492 2317 tanqnam
1525 2261 1671 2303 sacris
1704 2259 1995 2315 abstinuisse,
2039 2267 2088 2304 nt
2120 2274 2179 2304 ne
2210 2275 2368 2303 numu—

260 2336 351 2379 lum
399 2333 602 2394 quidem,
664 2349 796 2393 quum
854 2338 1054 2379 mortuos
1113 2338 1459 2393 componerent,
1515 2331 1647 2379 donis
1704 2336 1798 2379 suis
1857 2333 2104 2379 admixtum
2159 2333 2369 2380 vellent?

258 2410 365 2456 Hoc
396 2409 512 2455 enim
543 2423 634 2454 nou
655 2422 837 2464 vereor,
869 2422 927 2453 ne
946 2408 1045 2467 quis
1071 2412 1232 2453 contra
1264 2406 1404 2463 dicat,
1436 2413 1631 2468 gentem,
1663 2410 1796 2467 cnjus
1826 2407 2071 2468 sepulchra
2097 2410 2368 2468 aperuimus,

259 2498 391 2530 unam
423 2481 734 2530 cudendorum
766 2496 995 2528 uumorum
1026 2488 1167 2527 artem
1201 2480 1320 2527 adeo
1354 2487 1433 2526 aut
1458 2483 1699 2541 ignorasse
1732 2491 1810 2526 aut
1843 2481 2126 2541 neglexisse,
2159 2486 2221 2538 ut,
2254 2481 2368 2527 licet

258 2561 354 2604 suis
386 2558 568 2619 legibus
600 2560 812 2614 viveret,
857 2562 1007 2602 tamen
1051 2559 1272 2618 pecuniae
1304 2556 1485 2600 alienae
1516 2555 1672 2600 formis
1713 2572 1741 2600 a
1773 2555 2018 2613 majoribus
2052 2555 2138 2599 sibi
2184 2555 2365 2601 traditis

258 2635 324 2677 uti
355 2638 616 2693 cogeretur.
681 2633 878 2678 Scilicet
908 2634 1000 2675 ista
1031 2633 1218 2689 penuria
1250 2632 1294 2673 in
1316 2629 1537 2674 barbaros
1571 2629 1739 2675 cadere
1766 2634 1932 2715 potest,
1966 2631 2012 2673 in
2030 2629 2152 2676 hanc
2182 2638 2366 2690 gentem

258 2706 490 2754 excultam
521 2712 657 2768 atque
688 2705 875 2769 politam
906 2702 1077 2751 cadere
1108 2718 1198 2750 non
1231 2707 1397 2766 potest.

383 2780 541 2828 Causa
581 2783 719 2842 igitur
759 2794 841 2826 cnr
870 2779 1062 2825 Romani
1101 2783 1270 2824 tantum
1301 2779 1418 2822 numi
1465 2776 1664 2840 adpositi
1707 2778 1900 2836 fuerint,
1937 2776 2122 2824 aliunde
2165 2782 2239 2824 est
2280 2792 2366 2840 pe-

258 2854 411 2910 tenda.
475 2853 633 2915 Omnis
665 2862 814 2921 antem
845 2853 933 2900 hac
963 2854 1010 2899 in
1039 2866 1092 2899 re
1133 2851 1379 2899 difficultas
1423 2852 1615 2915 explodi
1647 2853 1855 2911 videtur,
1904 2855 1944 2898 si
1985 2857 2187 2915 gentem,
2233 2854 2368 2913 cujus

256 2927 458 2990 rationes
478 2930 537 2991 ,in
568 2926 945 2994 disceptationem
975 2929 1190 2991 veniunt,
1221 2926 1526 2992 Romanorum
1556 2930 1744 2990 imperio
1776 2930 1986 2991 paruisse
2018 2930 2257 2974 statuimus
2290 2930 2367 2973 vi-

256 3012 422 3067 taeque
454 3011 501 3052 et
533 3008 790 3053 commercii
824 3004 1030 3055 subsidia
1061 3019 1090 3051 a
1120 3002 1311 3050 dominis
1344 3005 1439 3050 suis
1472 3005 1687 3050 traxisse.
