2645 3240
1273 105 1350 165 24
1408 130 1412 136 .

251 252 325 313 qui
357 250 616 297 memoriam
646 249 1024 298 Allemannorum
1056 252 1438 314 explicaverunt,
1483 252 1567 300 vel
1598 256 1781 316 potius,
1812 259 1854 303 si
1885 271 1975 304 non
2007 260 2164 314 vacat,
2195 256 2381 319 longius

248 324 519 388 exspatiari,
548 326 771 382 Semo&
800 328 942 373 vitam
972 326 1032 372 ab
1047 327 1306 391 Ictqi‘ppo‘o
1337 331 1553 391 scriptam
1591 330 1658 386 ¹),
1702 336 1784 376 aut
1815 333 1948 378 uniu·
1978 331 2186 381 &aeunni
2201 330 2381 382 ‹liba-

249 401 310 449 de
339 403 480 449 rebus
519 401 920 463 wirtembergicis
952 403 1382 464 praeclarissimum,
1419 407 1470 461 ²)
1500 409 1551 450 ut
1582 403 1832 464 intelligat,
1853 422 1955 459 ,non
1983 406 2194 470 id-pouse
2224 405 2381 455 ladi-

248 479 558 537 virtutumque
574 481 870 538 praeconium
902 494 988 541 per
1018 481 1177 542 priora
1208 494 1296 527 sex
1322 480 1684 529 Christianorum
1716 481 1912 528 saecula
1941 481 2049 529 huic
2068 484 2211 544 genti·
2226 482 2380 540 tribui,

252 553 374 611 qnod
406 554 449 597 ei
480 552 660 613 largius
691 553 1014 615 prolixiusque
1045 557 1307 617 impertivit.
1371 556 1552 602 Etenim
1601 568 1772 600 morum
1803 557 1957 615 potius
1986 556 2150 602 feritas
2181 557 2381 605 aninm-

248 641 336 687 que
369 642 398 672 a
431 630 609 675 mitiore
642 628 772 675 cultu
803 629 983 676 alienus
1015 630 1244 677 notandus
1277 637 1401 688 erat,
1454 644 1587 689 quam
1618 629 1790 676 leuitas
1834 628 2150 690 praedicanda
2185 633 2377 691 vitaque

251 702 617 764 elegantioribus
664 705 837 751 artibus
885 706 1044 766 polita.
1107 707 1333 753 Doctrina
1379 707 1517 752 etiam
1558 702 1755 751 coelesti
1804 703 1928 751 dono
1973 717 2075 751 cum
2124 705 2379 754 hominibus

252 782 598 839 communicata,
632 786 803 828 tantum
835 781 1019 839 aberat,
1054 786 1103 827 ut
1131 783 1229 841 jam
1259 788 1399 828 sexto
1430 779 1623 827 saeculo
1654 778 1809 827 medio
1837 781 1885 826 in
1916 784 2111 842 pectora
2136 787 2278 843 atque
2307 784 2379 830 in-

250 856 411 900 stituta
427 855 803 902 Allemannorum
823 870 930 902 sese
946 858 1212 913 insinuaret,
1243 861 1294 900 ut
1313 870 1397 903 eos
1419 856 1668 917 Ayatla'ae,
1699 870 1871 917 suppar
1886 857 1963 901 isti
1993 857 2138 902 aetati
2166 859 2380 919 scriptor,

249 929 444 976 arbores
475 931 711 991 quasdam,
744 931 968 976 fluminum
1000 931 1161 992 lapsus
1177 964 1191 988 ‚
1240 930 1416 987 colles,
1449 930 1599 976 saltus
1630 929 1790 976 colere
1820 932 1968 996 iisque
1998 937 2208 991 tauquam
2243 946 2382 978 sacra

247 1004 478 1051 facientes
512 1004 656 1066 equos
689 1005 871 1067 aliaque
903 1005 952 1052 id
972 1019 1120 1066 genus
1153 1020 1284 1065 quam
1316 1005 1510 1067 plurima
1540 1006 1735 1051 resectis
1754 1004 1978 1067 capitibus
1999 1006 2231 1054 immolare
2263 1020 2378 1054 con·-

248 1085 529 1140 quereretur.
567 1081 613 1139 3)

373 1155 504 1211 Quae
539 1169 673 1214 quum
704 1157 770 1201 ita
803 1158 911 1213 sint,
944 1170 1035 1202 non
1068 1156 1251 1200 multum
1280 1154 1546 1214 adjumenti,
1581 1156 1757 1216 opinor,
1791 1155 1881 1200 Vir
1913 1153 2203 1202 doctissimus
2234 1147 2297 1204 ad
2326 1157 2377 1203 id

248 1229 570 1276 extricandam
595 1231 765 1289 attulit,
799 1230 923 1290 quod
954 1232 1235 1292 potissimum
1268 1230 1448 1277 dubium
1481 1236 1554 1276 est
1584 1235 1722 1290 atque
1744 1237 2106 1277 controversum.
2171 1232 2379 1279 Tametsi

250 1303 312 1350 de
356 1306 700 1365 antiquitatibus
741 1308 855 1368 ipsis
897 1306 1076 1352 erudite
1109 1312 1157 1352 et
1204 1305 1434 1352 subtiliter
1475 1304 1742 1366 disputavit.
1808 1306 2020 1366 Longum
2064 1311 2150 1364 est,
2192 1306 2377 1368 singula

248 1383 489 1441 persequi3
523 1396 656 1427 unum
689 1387 861 1428 tantum
894 1386 941 1427 et
972 1382 1167 1428 alterum
1200 1381 1372 1431 delibo.
1437 1392 1440 1395 '

372 1457 632 1501 Memoratu
665 1462 816 1502 autem
849 1457 1031 1516 dignum
1062 1470 1170 1501 esse
1202 1456 1328 1512 dicit,
1361 1455 1484 1515 quod
1516 1454 1771 1499 animalium
1814 1454 1995 1515 effigies
2027 1469 2127 1500 cum
2158 1458 2203 1502 in
2235 1455 2378 1503 fibula

248 1531 426 1591 aliqua,
471 1536 562 1576 tum
594 1533 638 1576 in
669 1531 847 1591 aliquot
878 1531 1063 1577 orbibus
1095 1532 1200 1577 sive
1232 1532 1505 1577 ornamentis
1544 1531 1590 1574 in
1621 1534 1824 1575 rotarum
1866 1529 2048 1576 modum
2091 1530 2256 1577 effictis
2286 1529 2375 1590 ha<-

248 1606 405 1651 bemus
431 1605 703 1654 delineatas.
751 1605 876 1653 Illud
909 1608 1026 1652 enim
1058 1607 1334 1652 rarissimum
1366 1618 1613 1652 occurrere
1645 1606 1703 1662 ei,
1733 1606 1808 1665 qui
1838 1604 2166 1653 Germanorum
2198 1620 2375 1668 cogua-

246 1686 484 1741 tarumque
515 1685 716 1741 gentium
749 1687 939 1729 ornatus
960 1681 1358 1742 supellectilisqne
1390 1681 1608 1741 reliquias
1641 1679 1907 1741 perlustret,
1937 1679 2028 1726 hoc
2045 1686 2125 1729 aut
2155 1680 2219 1728 ad
2240 1681 2374 1728 Deo-

246 1770 358 1813 rum,
391 1757 605 1818 imprimis
638 1756 783 1816 Solis‚
816 1756 1001 1816 cultum,
1034 1759 1264 1819 pertinere
1296 1761 1389 1813 aut,
1421 1754 1470 1801 id
1501 1754 1624 1817 quod
1653 1756 1843 1818 propius
1872 1754 1993 1802 absit
2024 1769 2054 1800 a
2085 1769 2217 1814 vero,
2250 1770 2378 1803 amu-

244 1833 330 1877 leti
363 1834 495 1878 vices
528 1835 774 1890 sustinere,
808 1833 931 1895 quod
963 1835 1095 1879 zonis
1126 1832 1416 1894 cingulisque
1448 1831 1722 1893 implicatum
1744 1833 2036 1893 gestaverint
2067 1834 2378 1894 superstitiosi

245 1907 403 1967 populi
424 1912 503 1951 aut
520 1907 646 1953 collo
665 1923 950 1969 suspensum,
983 1914 1033 1953 ut
1062 1908 1182 1953 mala
1201 1907 1385 1953 scilicet
1417 1922 1446 1951 a
1477 1920 1531 1952 se
1562 1911 1948 1963 averruncarent3
1989 1921 2131 1969 posse
2163 1910 2298 1954 etiam
2328 1910 2376 1953 in

247 1986 441 2026 mentem
479 1983 641 2027 venire
683 1989 814 2029 rotae
847 1983 987 2040 illius,
1019 1999 1109 2045 qua
1148 1983 1400 2030 Fortunam
1434 1984 1630 2029 sontium
1659 1995 1834 2045 poenas
1867 1983 2061 2044 exigere
2091 1984 2136 2029 in
2169 1989 2378 2032 veterum

246 2056 548 2116 religionibus
602 2058 900 2117 significetur.
966 2058 1148 2104 Deinde
1192 2058 1415 2104 artificum
1456 2071 1631 2103 manum
1672 2058 1718 2100 in
1764 2056 1968 2103 omnibus
2011 2057 2112 2104 fere
2143 2058 2377 2120 ⁴operibus

246 2145 355 2178 esse
374 2130 498 2192 quod
529 2130 803 2178 admiremur
835 2131 991 2189 docet,
1024 2135 1099 2192 qui
1132 2135 1310 2195 patriae
1333 2134 1446 2177 artis
1476 2131 1666 2177 formam
1701 2136 1839 2194 atque
1874 2131 2250 2180 consuetudinem
2283 2138 2374 2180 tam

247 2207 469 2254 sollerter
500 2209 817 2270 temperarint,
860 2216 910 2257 ut
950 2223 1009 2255 ne
1040 2213 1312 2272 spernerent
1344 2206 1525 2269 quidem
1559 2221 1678 2269 quae
1711 2206 1769 2253 ab
1803 2211 2067 2255 exterorum
2099 2208 2378 2272 perfectiore

248 2282 494 2345 disciplina
517 2283 591 2329 fas
623 2283 709 2329 sibi
730 2290 857 2331 esset
886 2299 1120 2332 assumere
1137 2286 1248 2331 etin
1275 2299 1404 2331 usum
1433 2299 1562 2329 suum
1590 2288 1895 2330 convertere·
1920 2288 1922 2290 ’
1943 2283 2060 2331 Inde
2078 2285 2248 2333 factum
2270 2299 2377 2333 esse

248 2365 393 2420 putat,
428 2365 479 2404 ut
510 2361 648 2421 spiris
681 2359 776 2403 illis
808 2361 1117 2422 linearumque
1150 2359 1471 2416 voluminibus,
1506 2359 1667 2419 quibus
1701 2359 1895 2404 artificia
1925 2362 2155 2407 nationum
2187 2367 2376 2424 septen—

306 2514 342 2562 1)
373 2512 612 2551 Continetur
651 2525 703 2551 ea
730 2512 889 2563 quidem
918 2513 958 2549 in
994 2512 1124 2550 Marc.
1154 2511 1319 2551 Velseri
1358 2509 1551 2561 operibus
1589 2522 1630 2559 p.
1669 2509 1761 2550 631.
1803 2508 1855 2548 ed
1891 2509 2082 2561 Norimb„
2108 2512 2164 2550 cf.
2202 2518 2243 2551 et
2269 2513 2376 2553 Vel-

381 2576 464 2613 seri
493 2587 583 2625 opp.
612 2588 653 2625 p.
679 2574 770 2616 321.

301 2654 342 2704 ²)
371 2655 427 2704 es.
455 2654 862 2707 wurtembergische
899 2653 1153 2694 Gescbicbte
1191 2665 1234 2691 v·
1265 2651 1488 2703 christoph
1523 2651 1678 2690 Friedr.
1720 2650 1851 2691 stilio
1889 2651 1920 2689 1.
1958 2650 2052 2689 Thl.
2080 2664 2120 2702 p.
2168 2653 2240 2694 152
2287 2655 2375 2693 rell.

378 2716 534 2768 stuttg.
566 2714 681 2759 1844.

307 2789 342 2839 ⁸)
369 2790 424 2840 cf.
452 2787 662 2842 Agathino
690 2787 744 2827 de
770 2789 894 2828 rebus
921 2788 1055 2841 gentis
1081 2786 1308 2826 Justiniani
1332 2785 1432 2836 Imp.
1466 2785 1534 2825 lib.
1563 2786 1583 2824 1
1619 2785 1736 2836 p.1³
1768 2784 1822 2823 ed
1848 2784 1999 2825 venet.
2031 2786 2144 2837 1729,
2171 2787 2242 2827 ubi
2266 2787 2374 2827 haec

381 2855 474 2902 eju
499 2852 631 2891 verb·
655 2852 866 2905 leg-untur·
907 2848 1084 2903 Δένδρα
1111 2847 1195 2902 γάρ
1220 2863 1323 2890 nm
1350 2845 1610 2890 ἱλάσκονται
1651 2848 1811 2903 ῥεῖθρα
1845 2849 2059 2900 ποταμων
2094 2850 2188 2890 καὶ
2203 2846 2374 2905 λόφους

381 2916 454 2955 καὶ
473 2912 709 2970 φάραγγας
734 2915 809 2955 καὶ
834 2912 1011 2963 τούτοις
1038 2907 1190 2965 ὥσπερ
1216 2906 1326 2952 ὅσια
1354 2910 1543 2964 ὁρωντες
1568 2908 1736 2958 ἵππους
1749 2910 1823 2951 καὶ
1858 2907 1974 2952 alia
2009 2911 2149 2966 μυρία
2182 2925 2373 2965 καρατο-

379 2978 560 3026 μοῦντες
586 2975 915 3027 ἐπιθειάζουσι.
970 2975 1096 3016 Addo
1129 2976 1249 3015 οὐα-
1286 2982 1398 3024 qm
1425 2970 1621 3022 Ruddph
1659 2970 1713 3012 dc
1738 2972 1918 3013 &umor
1950 2972 2050 3013 dieu
2073 2974 2117 3012 in
2140 2966 2265 3012 libr-⁷.
2305 2972 2372 3014 die

379 3037 647 3091 Einwirkung
674 3039 750 3078 des
777 3038 1108 3079 Chrinoemhuns
1134 3036 1212 3078 uf
1235 3034 1302 3076 die
1328 3031 1590 3073 dedunt-cho
1615 3033 1817 3085 Syr-eho.
1842 3034 1996 3087 stuttg.
2028 3033 2143 3077 18⁴5.
2169 3047 2211 3087 p.
2240 3036 2326 3078 175.
