2645 3240
1204 88 1241 146 7

160 236 428 294 Medullum,
458 237 690 291 luntrium,
720 237 860 293 (quas
889 237 1014 297 typis
1040 236 1229 283 distinxi
1254 237 1416 293 urbes,
1449 249 1603 280 earum
1637 237 1753 280 situs
1777 237 1851 294 qui
1886 235 2023 281 fuerit
2041 235 2274 294 hodieque

161 313 438 359 notissimum
468 311 582 366 θος)
622 310 690 353 ita
726 308 944 355 Raeticas
983 311 1121 358 urbes
1165 325 1414 358 recensens
1464 310 1592 355 initio
1634 324 1666 354 a
1711 309 1948 365 Danubio»,
1992 309 2082 357 hoc
2132 314 2207 355 est
2248 322 2279 354 a

160 381 584 448 Septentrionibus,
623 381 751 429 facto
780 389 903 431 retro
932 385 994 431 ad
1024 384 1257 432 meridiem
1290 382 1564 445 regreditur.
1628 382 1806 440 Quodsi
1831 384 1930 444 quis
1957 396 2058 429 eum
2088 383 2136 429 id
2154 374 2279 443 quod

162 476 238 507 res
271 463 343 505 est
374 455 551 505 vidisse
590 458 838 517 existimat,
893 458 992 507 fieri
1033 458 1247 522 profecto
1277 451 1453 520 nequit,
1505 460 1556 504 u‘t
1590 456 1913 505 Leicletlenum
1958 454 2278 521 reprehendat,

162 532 297 596 quod·
315 531 676 595 Drusomayum
716 539 827 596 post
864 534 1014 582 lacum
1046 535 1362 597 Brigantinum
1397 534 1618 597 posuerit.
1701 533 1768 579 At
1799 547 1916 581 vero
1948 532 2074 579 multi
2108 545 2277 590 eorum,

163 610 238 670 qui
270 606 392 670 apud
423 622 508 655 nos
541 611 833 670 antiquitates
865 610 1098 662 Romanas
1129 605 1555 671 investigaverunt,
1600 616 1647 655 et
1677 611 1722 654 in
1754 608 1824 654 his
1856 609 1914 655 de
1945 609 2126 655 Raiser
2147 610 2270 670 ipse,

161 683 474 735 Ptolemaeum
505 686 772 747 saepissime
802 686 847 729 in
878 671 1081 731 errorem
1110 684 1340 732 inductum
1383 697 1491 731 esse
1531 686 1807 746 argumentis
1846 685 2133 744 gravissimis
2164 698 2277 744 pro-

161 759 399 807 baverunt.
462 760 794 816 Jaumanmcs,
827 760 888 806 V.
911 761 992 819 D.,
1023 762 1259 824 imprimis,
1292 766 1343 806 ut
1373 759 1463 807 hoc
1488 760 1702 823 exemplo
1735 765 1859 817 utar,
1893 763 2173 820 quantopere
2196 757 2279 803 ille

158 837 202 879 in
235 837 475 893 mensuris,
520 836 680 896 quibus
723 835 844 881 coeli
890 835 1222 883 declinationes
1267 836 1445 882 definiri
1478 836 1655 893 solent,
1709 834 1984 896 usurpandis
2017 839 2275 896 peccasset,

160 925 213 956 re
244 911 306 956 ad
338 911 548 957 calculos
579 919 763 957 vocata
784 911 1128 958 demonstravit.
1204 912 1284 957 Ex
1314 911 1404 958 hac
1437 914 1552 958 enim
1602 906 1919 972 disquisitione
1965 910 2275 970 intelligimus,

162 999 308 1047 neque
341 985 445 1030 aliis
484 984 626 1041 locis,
690 999 807 1046 quae
841 1000 930 1045 quo
963 985 1209 1032 referenda
1251 988 1342 1032 sint
1390 1002 1508 1032 nunc
1543 986 1833 1048 exploratum
1865 985 2110 1042 habemus,
2164 999 2275 1046 suos

159 1075 370 1106 numeros
401 1062 447 1105 in
489 1059 788 1120 geographia
805 1060 1061 1106 Ptolemaei
1099 1066 1333 1118 constare,
1389 1067 1437 1107 et
1471 1062 1722 1123 Auyustae
1764 1061 2114 1107 Vindelicorum
2155 1058 2279 1120 apud

158 1135 471 1201 Ptolemaeum
511 1134 572 1179 32
616 1133 789 1194 gradus
838 1133 913 1179 101
946 1134 1243 1196 longitudinis
1295 1135 1355 1180 ad
1409 1137 1651 1193 orientem,
1699 1135 1782 1193 46,
1816 1135 1893 1181 101
1924 1134 2180 1180 latitudinis
2214 1133 2277 1179 ad

159 1212 494 1273 septentriones
528 1223 656 1264 esse,
687 1221 739 1253 re
769 1222 886 1254 vera
918 1209 1126 1268 ejusdem
1156 1209 1486 1270 longitudinem
1516 1210 1577 1255 28
1609 1211 1828 1271 gradibus
1860 1210 1949 1267 36⁴,
1990 1209 2275 1255 latitudinem

160 1285 245 1342 48,
276 1288 352 1330 22⁴
385 1284 570 1340 confici,
602 1290 652 1328 ut
681 1296 823 1329 verus
855 1282 1065 1329 modulus
1097 1300 1126 1329 a
1158 1287 1469 1331 commenticio
1502 1287 1591 1331 isto
1624 1285 1655 1329 4
1687 1285 1906 1345 gradibus
1938 1284 2014 1330 26‘
2052 1290 2099 1330 et
2136 1287 2190 1341 2,
2231 1286 2277 1330 2¹

161 1358 420 1419 differat1).
504 1357 646 1405 Adde
687 1357 809 1419 quod
847 1357 1027 1406 divinus
1044 1359 1090 1420 ²)
1136 1364 1356 1406 terrarum
1389 1360 1683 1421 locorumque
1715 1359 1974 1423 explicator
2005 1365 2052 1406 et
2084 1362 2128 1405 in
2173 1358 2278 1404 aliis

161 1435 301 1481 multa
333 1436 527 1480 novavit
559 1439 697 1493 atque
729 1433 849 1479 adeo
881 1435 1168 1495 perturbavit
1183 1437 1248 1493 ³).

284 1510 415 1566 Quae
446 1511 486 1553 si
518 1508 750 1554 nobiscum
779 1516 1063 1570 reputamus,
1096 1516 1265 1555 tantum
1299 1509 1451 1567 abest,
1485 1515 1534 1555 ut
1565 1510 1779 1571 religioni
1811 1510 2078 1566 habeamuS,
2111 1508 2278 1554 Ptole-

161 1587 276 1631 maei
311 1586 627 1630 auctoritatem
672 1583 951 1644 relinquere,
1016 1590 1066 1630 ut
1097 1587 1290 1646 gratiam
1323 1585 1446 1647 apud
1479 1601 1563 1631 nos
1596 1587 1751 1631 ineant
1792 1587 1866 1645 qui
1906 1584 2096 1630 meliora
2140 1588 2277 1644 atque

162 1663 362 1706 certiora
393 1659 525 1705 nobis
557 1658 821 1719 largiantur.
885 1659 1020 1704 Hanc
1052 1660 1111 1705 ob
1145 1674 1328 1706 causam
1351 1662 1551 1707 Raiseri
1580 1662 1848 1706 sententiam
1877 1660 2278 1721 intelligentissimi

160 1735 316 1782 harum
350 1749 498 1780 rerum
525 1733 711 1794 judices
742 1733 943 1795 amplexi
974 1740 1100 1792 sunt,
1134 1744 1280 1797 neque
1311 1735 1597 1797 Sprunerus
1629 1734 1969 1783 verecundatus
2001 1740 2097 1792 est,
2131 1734 2273 1781 Dru-

156 1813 337 1871 somayi
367 1824 527 1856 nomen
570 1812 615 1854 in
648 1808 829 1867 tabula,
877 1824 964 1869 qua
997 1813 1222 1872 speciem,
1277 1827 1407 1872 quam
1441 1812 1685 1858 Germania
1725 1813 1910 1871 antiqua
1955 1813 2109 1870 quinto
2157 1815 2265 1871 post

158 1884 268 1932 Chr.
301 1900 341 1930 n.
374 1885 565 1930 saeculo
612 1883 828 1930 habuisse
868 1884 1079 1943 videtur,
1143 1892 1360 1932 accurate
1401 1893 1448 1933 et
1490 1889 1820 1948 circumspecte
1873 1886 2148 1942 delineavit,
2214 1884 2276 1929 ad

162 1974 260 2007 eum
296 1960 446 2006 locum
480 1959 771 2017 adscribere,
816 1975 904 2021 quo
936 1976 1055 2008 nunc
1087 1964 1237 2008 vicum
1269 1962 1547 2009 Druisheim
1579 1962 1808 2008 habemus.

283 2035 383 2082 Sed
416 2035 587 2091 redeo,
632 2034 752 2080 unde
786 2035 1021 2094 digressus
1054 2053 1163 2082 sum.
1227 2040 1280 2083 In
1312 2053 1369 2083 ea
1400 2040 1539 2097 igitur
1571 2044 1701 2099 parte
1733 2039 1832 2097 agri
1870 2035 2271 2095 Nordendorpen-

155 2111 245 2168 sis,
294 2124 412 2171 quae
446 2109 736 2156 dextrorsum
769 2110 1055 2170 extenditur,
1110 2128 1243 2174 quum
1275 2127 1446 2175 operae
1480 2112 1539 2158 ad
1572 2113 1732 2159 molem
1766 2124 2072 2173 aggeremque
2105 2109 2270 2155 ferreis

157 2185 334 2230 laminis
371 2185 636 2245 jacIendum
677 2185 935 2231 conductae
975 2193 1081 2233 ante
1122 2188 1207 2233 hos
1250 2194 1343 2234 tres
1383 2203 1550 2245 annos,
1601 2191 1678 2233 via
1721 2186 1903 2250 publica
1949 2200 2088 2247 supra
2122 2187 2273 2230 vicum

155 2262 296 2321 ipsum
328 2260 452 2304 mille
485 2261 677 2321 pedibus
709 2275 739 2304 a
771 2263 962 2321 septimo
994 2262 1151 2324 lapide
1175 2266 1224 2319 ⁴]
1258 2266 1301 2306 in
1324 2264 1549 2322 obliquum
1579 2269 1723 2318 secta,
1757 2261 1880 2305 mille
1902 2267 1948 2306 et
1968 2262 2268 2320 quinquentos

226 2456 261 2505 1)
291 2456 346 2505 cs.
378 2454 548 2493 Colonia
581 2454 861 2493 Sumlocenne.
915 2455 1171 2506 Rottenburg
1198 2467 1257 2492 am
1290 2455 1431 2494 Nekar
1458 2462 1573 2495 unter
1601 2456 1680 2495 den
1709 2456 1886 2494 Romern
1916 2462 1992 2494 etc.
2024 2468 2117 2493 vom
2144 2454 2270 2493 Dom-

285 2515 419 2555 dekan
444 2528 486 2554 v.
507 2515 718 2554 Jaumann.
771 2528 811 2566 p.
832 2515 904 2557 109
926 2520 965 2554 et
991 2515 1078 2556 110.

216 2588 253 2637 2)
281 2590 336 2640 cf.
367 2588 417 2627 C.
444 2588 613 2626 Zeussii
636 2587 795 2687 libglum:
836 2587 915 2625 Die
937 2587 1176 2626 Deutschen
1204 2588 1286 2626 und
1317 2587 1382 2626 die
1416 2588 1795 2640 Nachbarstamme,
1840 2591 1882 2628 in
1914 2591 2086 2641 praefat.
2124 2591 2275 2641 p.V11.

457 2650 466 2659 .
567 2654 581 2687 t
631 2654 646 2687 t
719 2651 728 2659 .
806 2654 839 2687 rt
885 2651 892 2659 .
993 2662 1063 2687 Ur*
1096 2650 1105 2659 .
1191 2651 1200 2659 .
1393 2652 1401 2660 .
1648 2655 1656 2663 .
2059 2655 2067 2662 .
2197 2654 2205 2662 .
2244 2668 2275 2690 .:

279 2650 803 2752 3232351'..¹’3533...555
814 2662 865 2751 11?
867 2653 953 2752 ‘2121
965 2651 1417 2767 20.3‚{¹ssg.2”.330322
1428 2651 1778 2756 3:1¹}ssxffi‘323..
1793 2664 1976 2764 tiit..
1987 2658 2168 2767 ⁸15¹&
2179 2653 2240 2691 ¹¹“

226 2784 261 2836 ³)
288 2785 343 2836 of.
371 2784 552 2824 Cluverii
576 2784 789 2824 Germania
814 2786 936 2836 antiq.
963 2784 1127 2836 p.511.,
1165 2784 1329 2824 Cellarii
1349 2788 1487 2826 notitia
1512 2789 1622 2827 orbis
1651 2790 1804 2840 antiqui
1834 2802 1873 2840 p.
1890 2788 1981 2830 384.
2009 2801 2048 2840 p.
2068 2788 2160 2830 406.
2189 2789 2278 2828 rell.

283 2852 325 2885 et
353 2845 475 2885 Conr.
497 2847 721 2886 Mannerti:
765 2846 978 2886 Germania
1009 2860 1048 2898 p.
1063 2847 1153 2890 389.
1183 2849 1267 2887 rell.

209 2898 248 2947 ⁴)
276 2899 357 2938 Hic
397 2899 501 2950 lapis
551 2901 746 2950 septimus
784 2905 847 2938 est
886 2900 935 2937 ab
976 2899 1168 2953 Augusta
1203 2900 1520 2943 vindelicorum.
1598 2902 1778 2955 Lapides
1819 2903 1931 2953 dico,
1981 2904 2130 2954 quibus
2170 2904 2279 2956 apud

283 2971 364 2999 nos
402 2963 550 3011 majora
589 2962 767 3000 itinerum
803 2963 936 3012 spatia
973 2960 1253 3014 distinguntur.
1330 2963 1467 3003 Distat
1507 2971 1635 3005 autem
1676 2967 1780 3017 lapis
1825 2977 1850 3004 a
1892 2964 2027 3016 lapide
2068 2965 2279 3007 duodecim

291 3023 461 3062 millibus
503 3029 544 3062 et
577 3025 845 3080 septingentis
870 3022 1041 3075 pedibus
1067 3024 1291 3065 Bavaricis.
