2645 3240
1306 124 1345 179 6

267 279 384 323 situs
427 275 636 322 locorum
679 276 857 323 veteris
900 274 1175 321 Germaniae
1217 273 1495 329 illustratur,
1548 287 1710 320 nomeu
1754 277 2053 337 Drusomayi
2099 273 2244 321 eidem
2292 274 2392 322 fere

267 353 446 412 regioni
479 349 780 412 adscripserit
813 354 949 409 atque
979 347 1048 392 illi
1082 348 1171 395 viri
1206 347 1344 395 docti.
1409 347 1585 395 Contra
1608 349 1705 407 jam
1740 355 1846 397 ante
1867 350 2091 412 ducentos
2123 349 2227 412 plus
2246 363 2391 396 annos

266 426 453 488 Phlipp.
492 425 773 480 Cluverius,
828 424 963 483 cujus
1005 425 1254 483 sagacitati
1299 429 1437 483 atque
1478 421 1716 468 doctrinae
1759 429 1971 484 quantum
2003 427 2063 472 sit
2102 427 2147 470 in
2186 429 2394 472 veterum

269 503 479 548 locorum
523 500 819 560 indagatione
863 497 1207 543 concedendum
1239 498 1531 544 Mebuhrae'us
1557 501 1607 555 ¹)
1656 512 1741 542 nos
1774 498 1983 558 edocuit,
2015 501 2149 545 aliam
2179 513 2395 563 perscru-

269 578 396 622 tandi
437 578 657 620 rationem
701 573 943 620 ineundam
990 588 1097 618 esse
1135 574 1390 633 judicavit,
1445 589 1577 634 quum
1619 573 1757 630 dixit,
1809 574 2173 637 Bramme-qum
2217 578 2394 621 omnino

268 667 360 697 non
395 665 502 697 esse
535 652 579 695 in
613 665 843 695 numerum
876 649 1145 711 oppidorum
1167 650 1363 695 Raetiae
1398 648 1684 695 referendum
1713 649 1773 707 2).
1837 637 2018 695 Nostra
2039 657 2194 697 aetate
2215 652 2395 713 primus,

267 726 391 787 quod
424 728 592 782 sciam,
628 726 677 772 J.
697 724 846 771 Andr.
880 726 1174 772 Buchnerus
1205 727 1474 784 conjectura
1508 724 1732 786 probabili
1763 730 2004 771 assecutus
2038 732 2133 783 est,
2167 742 2256 788 quo
2287 726 2395 772 loco

266 802 401 859 urbs,
446 802 505 848 de
554 817 643 862 qua
676 802 930 861 quaeritur,
972 802 1166 846 steterit.
1254 800 1385 856 Quae
1418 799 1597 860 quidem
1626 802 1896 861 conjectura
1927 815 2070 848 causa
2101 808 2196 859 est,
2238 816 2320 848 cur
2351 803 2396 847 in

268 878 532 926 Reicleardi
558 877 716 923 tabula
747 876 900 934 ΧΙΙΙῑζιι
931 876 1055 922 orbis
1089 881 1311 922 terrarum
1344 877 1512 936 antiqui
1542 890 1705 922 nomen
1737 877 1841 936 eJus
1871 877 2078 938 legamus
2110 875 2170 922 ad
2197 877 2396 934 fluvium,

270 967 400 1014 quem
433 968 572 1013 supra
603 952 876 999 Schmutter
909 965 1015 996 esse
1049 950 1168 1003 dixi,
1202 951 1473 1012 adpositum.
1540 950 1641 998 Sed
1658 952 1867 998 Raisero
1899 954 2115 1012 contigit,
2146 957 2196 996 ut
2228 966 2396 997 novam

267 1030 335 1074 rei
385 1028 600 1073 occultae
650 1027 797 1071 lucem
852 1025 1121 1071 affunderet.
1200 1026 1247 1071 Is
1291 1027 1406 1071 enim
1447 1041 1577 1085 quum
1624 1039 1891 1087 persuasum
1930 1026 2144 1082 haberet,
2202 1026 2396 1072 testibus

270 1103 500 1162 indigenis
549 1103 764 1160 maj0rem
799 1101 934 1146 fidem
977 1099 1261 1146 tribuendam
1304 1082 1446 1156 esse‚'
1490 1115 1619 1160 qnam
1660 1100 1825 1146 homini
1855 1102 2118 1163 Aegyptio,
2167 1103 2241 1162 qui
2275 1101 2397 1161 quod

271 1178 331 1224 de
365 1178 609 1224 Germania
653 1176 819 1222 litteris
862 1172 1185 1237 consignasset
1218 1182 1296 1221 aut
1329 1175 1470 1222 sando
1513 1176 1771 1233 audivisset
1799 1181 1878 1222 aut
1911 1191 1974 1223 ex
2001 1176 2397 1229 aliorumlibellis

268 1268 359 1299 non
384 1251 627 1298 admodum
659 1254 799 1297 certis
815 1255 865 1309 ³)
897 1251 1170 1309 didicisset,
1221 1251 1493 1298 documenta
1525 1251 1585 1297 ad
1606 1254 1915 1313 quaestionem
1929 1250 2276 1313 ‘dijudicandam
2307 1266 2398 1299 non

272 1331 420 1390 magis
455 1329 748 1374 extrinsecus
782 1343 913 1389 quam
947 1341 1009 1373 ex
1042 1342 1093 1373 re
1126 1333 1340 1389 terraque
1370 1329 1473 1390 ipsa
1506 1333 1665 1388 petere
1697 1330 1741 1373 in
1773 1330 1963 1374 animum
1983 1327 2174 1375 induxit.
2234 1328 2397 1389 Itaque

269 1404 494 1461 ostendit,
530 1409 699 1449 tantam
730 1405 921 1450 nominis
954 1403 1290 1449 similitudinem
1323 1403 1404 1450 vel
1435 1406 1587 1464 potius
1619 1403 1942 1462 aequalitatem
1973 1405 2082 1450 vico
2105 1403 2393 1460 Druishoim‚

261 1482 336 1541 qui
389 1485 463 1525 est
507 1478 682 1524 medius
732 1478 833 1525 fere
876 1480 993 1524 inter
1041 1480 1193 1524 vicum
1249 1477 1576 1537 Nordendorf
1609 1483 1744 1538 atque
1799 1477 2013 1538 oppidum
2060 1477 2397 1525 Donauwertla

268 1556 567 1614 interjectus,
618 1568 718 1600 cum
769 1556 953 1614 antiquo
990 1554 1281 1614 Drusomago
1316 1552 1634 1611 intercedere,
1686 1560 1736 1598 ut
1767 1555 1984 1613 cognatio
2016 1551 2141 1598 illius
2174 1566 2273 1598 cum
2305 1551 2398 1600 hoc

267 1631 573 1676 Romanorum
597 1629 794 1675 castello
828 1644 917 1675 non
953 1635 1112 1690 posset
1135 1644 1224 1674 non
1248 1631 1454 1688 agnosci,
1488 1628 1657 1674 deinde
1680 1642 1740 1673 ex
1767 1627 2057 1688 reliquiarum
2075 1629 2394 1684 Romanarum,

270 1693 391 1767 quas*
435 1707 569 1752 vicus
618 1705 701 1750 ille
744 1705 875 1750 nobis
914 1706 1187 1766 impertivit,
1243 1706 1380 1765 copia
1426 1709 1473 1749 et
1517 1702 1813 1765 amplitudine
1846 1717 2072 1766 apparere
2104 1702 2246 1760 dixit,
2297 1717 2398 1749 eum

267 1782 417 1827 fuisse
450 1782 635 1841 antiquo
670 1786 874 1842 tempore
906 1779 1012 1825 huic
1046 1786 1197 1824 terrae
1230 1779 1446 1825 honorem
1471 1793 1619 1838 eaque
1639 1785 1928 1836 ornamenta,
1961 1779 2121 1840 quibus
2139 1779 2294 1825 urbem
2317 1778 2398 1824 vel

270 1857 542 1913 castellum,
575 1855 696 1917 quod
730 1870 891 1901 nomen
914 1872 942 1901 a
968 1857 1183 1917 privigno
1216 1856 1510 1916 Imperatoris
1542 1854 1744 1915 Augusti
1779 1854 2012 1911 duxisset,
2045 1853 2398 1901 condecoratam

271 1946 377 1978 esse
410 1931 633 1978 credibile
666 1937 815 1988 esset,
864 1938 953 1977 tum
991 1931 1175 1976 uberius
1209 1933 1449 1992 exposuit,
1482 1929 1591 1990 quid
1621 1932 1902 1992 potissimum
1934 1931 2134 1977 Drusum
2164 1929 2397 1991 impulisse

272 2007 538 2063 videretur,
572 2011 622 2051 ut
655 2006 804 2052 colles
838 2009 882 2051 in
908 2010 1001 2052 ista
1032 2009 1223 2066 regione
1255 2006 1521 2052 muniendos
1552 2012 1734 2052 curaret
1755 2009 1816 2063 ⁴).

393 2082 529 2127 Haec
564 2083 712 2126 omnia
743 2096 833 2127 nou
867 2083 1152 2144 speciosiora
1185 2086 1290 2125 sunt
1322 2080 1379 2125 ad
1416 2079 1803 2142 persuadendum,
1837 2095 1967 2141 quam
1999 2080 2199 2125 veriora.
2253 2079 2399 2127 Modo

268 2172 328 2203 ne
344 2158 433 2202 Vir
466 2156 756 2201 doctissimus
789 2157 937 2202 verba
968 2157 1223 2202 Ptolemaei
1255 2155 1380 2207 μετοέ
1420 2155 1473 2196 δὲ
1501 2154 1698 2202 ταύτας
1724 2158 1790 2200 ita
1820 2158 2143 2216 interpretatus
2176 2160 2315 2212 esset,
2349 2160 2400 2199 ut

269 2235 327 2278 iis
381 2232 542 2289 „ultra
594 2231 655 2277 ad
698 2232 955 2278 Danubium
1001 2235 1204 2290 (weiter
1255 2246 1408 2292 gegen
1462 2231 1538 2276 die
1586 2232 1817 2286 Donau)“
1867 2229 2114 2290 significari
2163 2230 2399 2277 scriberet.

271 2308 407 2356 Sicut
440 2309 556 2354 enim
599 2307 897 2369 geographus
930 2308 1281 2354 Alexandrinus
1324 2310 1368 2352 in
1412 2306 1616 2368 partibus
1650 2305 1943 2353 Vindeliciae
1986 2305 2300 2352 enumerandis
2341 2304 2399 2351 ab

272 2383 484 2440 urbibus,
535 2397 652 2443 quae
695 2382 755 2428 ad
787 2383 1045 2430 Danubium
1087 2388 1312 2444 vergant,
1365 2381 1615 2428 exordiens
1658 2395 1766 2439 eas,
1815 2372 1944 2442 quae
1974 2387 2098 2427 retro
2140 2385 2401 2441 sequantur,

274 2465 509 2524 adjungit,
560 2465 833 2525 Auffuslam
882 2467 1251 2520 Vindelc'corum,
1302 2463 1641 2520 Carrodunum,
1674 2464 1988 2518 Abodiacum,
2026 2461 2400 2523 Cumpodunum,

335 2664 367 2715 ¹)
397 2665 452 2715 cf.
482 2664 642 2701 librum:
702 2664 924 2703 Romische
956 2660 1210 2703 Geschichte
1244 2668 1322 2701 etc.
1386 2661 1509 2702 Nach
1545 2659 1753 2700 Niebuhrs
1787 2660 2018 2713 Vortragen
2053 2658 2277 2698 bearbeitet
2314 2669 2398 2696 von

404 2726 562 2765 Leonh.
577 2725 769 2765 Schmitz.
822 2727 913 2766 Ans
941 2727 1031 2766 dem
1050 2727 1304 2780 Englischen
1328 2731 1403 2765 etc.
1430 2738 1513 2765 von
1538 2724 1610 2762 Dr.
1624 2723 1768 2762 zoiss.
1821 2723 1930 2762 Jena
1954 2720 2068 2764 1844-
2105 2721 2224 2760 Bd.1.
2255 2720 2343 2762 119.

329 2800 366 2848 ²)
396 2802 474 2850 cf.:
507 2798 692 2839 Cluverii
710 2798 949 2845 Germaniae
972 2801 1161 2852 antiquae
1184 2800 1258 2838 libr
1279 2797 1356 2839 111.
1407 2796 1541 2850 bugd.
1562 2796 1708 2834 Batav.
1725 2794 1833 2846 apud
1853 2794 2068 2834 Elzeviros
2086 2793 2199 2835 1631.
2227 2806 2267 2845 p.
2281 2792 2372 2833 731.

334 2871 370 2922 ³)
400 2874 455 2923 cf.
486 2883 592 2923 quac
609 2871 870 2910 Ptolemaeus
894 2872 986 2921 ipse
1014 2871 1112 2910 dicit
1139 2871 1190 2909 de
1218 2871 1419 2920 fontibus,
1448 2883 1501 2908 ex
1529 2869 1675 2920 quibus
1702 2868 1861 2906 haurire
1886 2868 2009 2906 liceat
2036 2873 2223 2906 terrarum
2251 2864 2399 2916 cogni-

403 2936 563 2984 tionem,
587 2934 671 2973 libr.
686 2934 718 2972 1.
750 2932 836 2974 c.5.
865 2938 925 2971 et:
953 2934 1141 2972 Aeltesto
1156 2932 1409 2972 Geschichte
1422 2933 1611 2983 Bayerns
1634 2936 1713 2968 etc.
1726 2928 1853 2968 v.Dr.
1866 2929 1917 2969 G.
1932 2928 2278 2971 Thomu-»dham
2307 2938 2346 2976 p.
2362 2925 2400 2967 9.

407 2995 600 3034 Anmerk.
1659 3009 1668 3018 -
2168 3023 2170 3026 ,

341 3068 380 3117 ⁴)
411 3070 463 3118 cs.
495 3068 597 3118 Ejus
626 3068 906 3121 Drusomagus
936 3081 971 3119 p.
998 3067 1128 3108 1—8.
