2645 3240
1304 93 1344 150 8

259 241 408 305 pedes
441 256 557 303 opus
589 242 953 303 promovissent,
1000 256 1058 288 en
1087 255 1199 287 ossa
1229 256 1330 287 cum
1361 244 1499 288 armis
1530 246 1784 305 permixta,
1827 244 2044 308 globulos
2076 245 2221 291 variis
2250 244 2386 313 colo-

260 317 387 365 ribus
421 318 722 378 conspicuos,
755 316 850 362 alia
882 315 1154 363 effoderunt.
1219 316 1356 374 Quod
1386 317 1579 365 simulac
1613 318 1687 366 cl.
1718 318 1912 383 Feiyele
1942 318 2221 368 architectus
2261 318 2384 367 -vidit

260 394 574 453 antiquitatem
620 391 869 437 admiratus
914 394 1226 448 mercenarios
1268 394 1501 454 praemiis,
1557 399 1607 439 ut
1646 408 1761 454 quas
1803 398 2031 442 eruissent
2068 392 2385 456 hujuscemodi

262 481 341 514 res
373 466 541 513 sedulo
574 466 853 527 colligerent
882 466 1061 528 sibique
1094 466 1330 514 traderent
1360 469 1613 529 instigavit.

384 543 502 589 Mox
534 541 777 586 manifesta
808 546 914 586 sunt
946 544 1150 603 vestigia
1189 542 1557 605 sepulchrorum,
1610 557 1672 588 ex
1705 542 1867 603 quibus
1899 550 2149 605 apparatus
2181 549 2385 591 mortuo-

258 632 355 662 rum
388 618 538 677 major
568 618 613 661 in
648 616 749 662 dies
780 619 1073 679 conquiritur.
1152 618 1260 665 Hac
1292 618 1502 665 ubertate
1551 623 1799 665 commotus
1830 616 2022 679 Fasque
2061 633 2156 666 rem
2195 618 2257 665 ad
2288 633 2387 677 eoS,

258 693 333 752 qui
366 691 591 753 praefecti
635 698 740 737 sunt
782 694 827 737 in
869 706 1013 754 regno
1058 700 1218 738 nostro
1250 696 1340 739 viis
1371 693 1496 740 ferro
1529 691 1812 749 sternendis,
1847 691 2035 748 detulit,
2081 708 2170 754 quo
2203 696 2248 739 in
2277 693 2386 740 loco

256 767 469 813 reclusos
520 767 765 813 thesauros
819 767 1041 812 custodiri
1089 768 1298 830 placeret
1361 770 1652 828 interrogans
1707 769 2039 828 pecuniamque*
2082 767 2154 813 ‘ad
2201 783 2388 830 operam

261 844 645 888 mercenariorum
694 841 1002 889 redimendam
1055 849 1242 903 petens,
1292 844 1331 886 si
1385 843 1611 904 perficere
1656 843 1898 902 juberetur
1937 841 2059 902 quod
2115 848 2242 889 tanto
2286 858 2387 890 cum

262 931 489 963 successu
510 916 790 963 inchoasset.
833 916 1069 963 Praefecti
1102 917 1171 962 illi
1194 916 1253 963 de
1288 919 1366 973 iis,
1399 932 1517 977 quae
1540 924 1725 979 reperta
1746 922 1891 973 erant,
1922 930 2072 962 rerum
2103 915 2383 978 publicarum

256 994 302 1036 in
334 994 575 1053 provincia
605 999 762 1037 nostra
794 998 1034 1037 curatores
1068 994 1291 1038 certiores
1323 991 1533 1037 fecerunt
1565 1006 1811 1053 eorumque
1843 991 2030 1037 arbitrio
2069 994 2383 1054 permiserunt,

256 1067 364 1127 quid
399 1066 735 1112 decernendum
768 1074 918 1123 esset,
958 1066 1007 1112 id
1040 1082 1171 1124 unum
1206 1073 1465 1125 monentes,
1507 1082 1561 1113 se
1593 1083 1683 1114 non
1717 1081 1858 1130 posse
1891 1068 2127 1128 pecuniam
2158 1067 2387 1129 publicam

256 1143 317 1187 ad
352 1142 677 1187 conservanda
717 1144 1000 1202 antiquitatis
1034 1150 1319 1188 monumenta
1350 1157 1561 1203 erogare.
1643 1145 1715 1188 Ita
1761 1143 1930 1188 factum
1973 1150 2068 1199 est,
2119 1148 2169 1186 ut
2199 1144 2384 1213 integra

254 1231 331 1262 res
364 1216 424 1262 ad
457 1219 729 1262 societatem
762 1223 962 1263 nostram
996 1217 1259 1264 historicam
1294 1219 1563 1274 deveniret,
1607 1220 1740 1278 cujus
1784 1217 2001 1263 sumtibus
2034 1222 2259 1278 congesta
2286 1219 2385 1277 jam

255 1307 401 1354 opera
450 1294 495 1337 in
526 1292 845 1353 Antiquarium
884 1294 1203 1355 Augustanum
1247 1300 1353 1339 sunt
1396 1293 1622 1339 translata
1666 1299 1713 1339 et
1754 1308 1877 1340 nova
1925 1300 2081 1350 eruta,
2129 1299 2179 1338 ut
2222 1291 2384 1339 eodem

253 1367 624 1413 transferrentur.

376 1441 456 1486 Ad
499 1457 711 1486 summam
757 1447 905 1487 autem
948 1442 1142 1486 subinde
1174 1442 1266 1487 365
1315 1442 1566 1503 sepulchra
1599 1445 1875 1487 ornamentis
1913 1444 2010 1487 suis
2044 1447 2091 1488 et
2126 1441 2383 1487 muneribus

251 1517 565 1563 vacuefacere
599 1519 815 1576 contigit,
848 1532 965 1576 quae
998 1517 1059 1562 20
1093 1517 1326 1562 ordinibus
1360 1532 1444 1578 per
1475 1517 1568 1562 260
1600 1533 1813 1578 passuum
1846 1519 2039 1578 spatium
2060 1519 2124 1562 ita
2149 1516 2381 1578 patebant,

251 1597 299 1636 ut
329 1594 447 1638 inter
480 1591 665 1637 ordines
702 1594 828 1654 ipsos
860 1591 959 1636 3—-
978 1593 1008 1637 4
1040 1591 1204 1654 pedum
1237 1592 1487 1639 intervalla
1520 1598 1759 1638 exstarent
1781 1595 1846 1651 ¹).

376 1667 577 1728 Singula
609 1667 883 1729 sepulchra,
929 1670 968 1711 si
1002 1670 1203 1713 virorum
1236 1674 1414 1726 essent,
1447 1682 1585 1713 senos
1607 1667 1785 1730 pedes,
1840 1681 1945 1712 raro
1977 1680 2116 1712 senos
2149 1666 2294 1729 pedes
2328 1672 2375 1712 et

251 1745 502 1799 semissem,
537 1746 575 1788 si
597 1744 844 1800 mulierum,
877 1747 1037 1803 quinos
1070 1751 1116 1789 et
1147 1744 1371 1789 interdum
1404 1746 1538 1789 etiam
1571 1757 1710 1788 senos
1742 1742 1888 1804 pedes
1922 1745 2083 1803 lonqu,
2119 1745 2375 1804 promiscue

249 1818 352 1862 fere
386 1818 516 1863 binos
549 1825 596 1864 et
629 1821 864 1863 semissem
894 1824 973 1862 aut
1007 1826 1160 1863 ternos
1196 1818 1339 1879 pedes
1372 1821 1473 1865 alta
1506 1824 1657 1874 eraut,
1703 1833 1760 1863 ea
1793 1823 1986 1874 tantum,
2020 1820 2065 1862 in
2100 1817 2260 1877 quibus
2283 1817 2375 1862 duo

248 1907 449 1954 corpora
472 1893 651 1939 inclusa
674 1899 818 1950 erant,
851 1892 1043 1939 alterum
1069 1894 1203 1939 alteri
1228 1895 1495 1955 impositum,
1528 1895 1571 1937 in
1595 1893 1879 1938 altitudinem
1910 1892 1969 1952 δὲ
2001 1891 2167 1955 pedum
2189 1890 2381 1937 defossa

247 1970 535 2013 invenerunt.
578 1970 629 2013 In
662 1968 831 2013 dextra
861 1975 1006 2030 parte,
1041 1984 1130 2027 qua
1162 1983 1246 2030 per
1280 1970 1495 2029 temporis
1529 1966 1770 2013 decursum
1803 1973 1882 2012 aut
1914 1966 2045 2011 limus
2077 1974 2380 2013 succreverat

248 2049 328 2088 aut
366 2044 675 2104 agricolarum
724 2044 957 2089 laboribus
992 2051 1145 2088 terrae
1186 2045 1429 2103 congeries
1469 2042 1757 2088 accumulata
1792 2048 1912 2098 erat,
1968 2056 2078 2087 ossa
2118 2042 2178 2087 ad
2217 2043 2377 2087 altitu-

248 2118 396 2164 dinem
431 2118 603 2164 9-10
641 2118 807 2179 pedum
840 2118 1059 2164 latebant.
1124 2120 1227 2164 Hae
1261 2133 1414 2164 eorum
1446 2117 1585 2163 sedes
1620 2133 1750 2177 quum
1783 2117 1909 2163 latae
1942 2122 2099 2162 essent
2130 2117 2262 2162 binos
2295 2121 2374 2161 aut

249 2199 408 2238 ternos
456 2192 626 2253 pedes,
676 2189 794 2238 inter
827 2207 880 2238 se
914 2193 1029 2238 binis
1061 2199 1139 2238 aut
1182 2195 1345 2249 terniS‚
1397 2192 1662 2254 plerumque
1705 2194 1936 2252 quaternis
1978 2198 2057 2236 aut
2103 2194 2247 2250 quinis
2298 2198 2378 2236 aut

250 2271 375 2313 senis
425 2268 644 2329 pedibus,
700 2275 747 2313 et
802 2269 886 2313 sub
938 2269 1070 2314 finem
1131 2270 1469 2330 septentriones
1522 2282 1688 2314 versus
1754 2267 1883 2313 denis
1938 2267 2130 2328 amplius
2181 2266 2375 2329 pedibus

251 2344 496 2389 distabant.

370 2420 479 2465 Nec
529 2418 718 2464 difficile
760 2425 1033 2464 mortuorum
1079 2420 1186 2464 loca
1232 2419 1311 2465 vel
1358 2434 1384 2464 e
1419 2419 1664 2478 longinquo
1715 2418 1863 2464 oculis
1906 2417 2283 2463 discernebantur
2316 2417 2373 2463 ab

248 2509 304 2539 eo
351 2495 478 2550 solo,
530 2494 652 2554 quod
696 2495 907 2539 naturale
952 2500 1065 2540 erat.
1132 2495 1309 2539 Etenim
1353 2510 1484 2555 quum
1527 2494 1683 2539 fossas
1727 2500 1857 2539 recta
1902 2493 2025 2538 linea
2074 2507 2170 2554 per.
2206 2507 2373 2553 operas

251 2569 489 2614 ducendas
522 2572 785 2615 curavisset
816 2569 1121 2627 architectuS,
1158 2577 1304 2627 terra,
1338 2573 1381 2614 in
1413 2586 1502 2630 qua
1528 2571 1751 2630 composti
1785 2570 1852 2613 illi
1886 2568 2196 2628 quiescebant,
2227 2570 2370 2629 nigri-

250 2659 361 2689 cans
385 2644 610 2705 adspectu
643 2645 876 2705 fulgebat,
910 2647 1044 2705 cujus
1070 2648 1135 2690 rei
1171 2660 1353 2690 causam
1388 2645 1533 2690 fuisse
1567 2647 1795 2701 existimo,
1827 2642 1952 2703 quod
1985 2656 2183 2703 corpora
2213 2652 2372 2704 putre-

250 2719 355 2765 dine
389 2725 609 2782 corrupta
640 2734 729 2764 una
761 2735 860 2766 cum
893 2723 1047 2767 cinere
1080 2728 1216 2781 atque
1248 2720 1465 2766 odoribus
1500 2727 1665 2766 terram
1700 2718 1983 2765 colorabant.

298 2964 329 3012 ¹)
359 2964 413 3013 cf.
443 2963 603 3000 tabulae
624 2963 674 2999 11.
708 2963 804 3001 huic
837 2963 1048 3013 scriptioni
1093 2960 1311 3011 adJunetao
1340 2974 1425 2999 eam
1459 2966 1629 3011 partem,
1687 2973 1767 3011 qua
1793 2961 1919 3000 verba
1942 2962 2149 3015 leguntur:
2198 2960 2366 2999 Ganzes

377 3023 571 3063 Grabfeld
601 3025 668 3062 bei
690 3023 963 3063 Nordendorf.
