<?xml version="1.0" encoding="UTF-8"?>
<!DOCTYPE html PUBLIC "-//W3C//DTD XHTML 1.0 Transitional//EN"
    "http://www.w3.org/TR/xhtml1/DTD/xhtml1-transitional.dtd">
<html xmlns="http://www.w3.org/1999/xhtml" xml:lang="en" lang="en">
 <head>
  <title>
</title>
<meta http-equiv="Content-Type" content="text/html;charset=utf-8" />
  <meta name='ocr-system' content='tesseract 3.04.00' />
  <meta name='ocr-capabilities' content='ocr_page ocr_carea ocr_par ocr_line ocrx_word'/>
</head>
<body>
  <div class='ocr_page' id='page_1' title='image "4764151_0044.png"; bbox 0 0 2645 3240; ppageno 0'>
   <div class='ocr_carea' id='block_1_1' title="bbox 251 258 2386 993">
    <p class='ocr_par' dir='ltr' id='par_1_1' title="bbox 251 258 2386 993">
     <span class='ocr_line' id='line_1_1' title="bbox 377 258 2385 324; baseline -0.001 -16"><span class='ocrx_word' id='word_1_1' title='bbox 377 262 443 308; x_wconf 76' lang='lat' dir='ltr'><strong>Et</strong></span> <span class='ocrx_word' id='word_1_2' title='bbox 474 264 682 309; x_wconf 70' lang='lat' dir='ltr'><strong>alca-aem</strong></span> <span class='ocrx_word' id='word_1_3' title='bbox 713 265 865 320; x_wconf 74' lang='lat' dir='ltr'><strong>etiam,</strong></span> <span class='ocrx_word' id='word_1_4' title='bbox 898 275 987 323; x_wconf 88' lang='lat' dir='ltr'><strong>quo</strong></span> <span class='ocrx_word' id='word_1_5' title='bbox 1019 264 1228 324; x_wconf 77' lang='lat' dir='ltr'><strong>vestigia</strong></span> <span class='ocrx_word' id='word_1_6' title='bbox 1256 265 1325 309; x_wconf 88' lang='lat' dir='ltr'><strong>rei</strong></span> <span class='ocrx_word' id='word_1_7' title='bbox 1356 263 1598 310; x_wconf 74' lang='lat' dir='ltr'><strong>monstrari</strong></span> <span class='ocrx_word' id='word_1_8' title='bbox 1631 265 1913 323; x_wconf 63' lang='lat' dir='ltr'><strong>putaverim,</strong></span> <span class='ocrx_word' id='word_1_9' title='bbox 1953 260 2209 309; x_wconf 65' lang='lat' dir='ltr'><strong>sociemi-</strong></span> <span class='ocrx_word' id='word_1_10' title='bbox 2216 258 2385 320; x_wconf 59' lang='lat' dir='ltr'><strong>alip-</strong></span> 
     </span>
     <span class='ocr_line' id='line_1_2' title="bbox 251 331 2381 413; baseline -0.002 -30"><span class='ocrx_word' id='word_1_11' title='bbox 251 336 444 383; x_wconf 76' lang='lat' dir='ltr'><strong>vinculo</strong></span> <span class='ocrx_word' id='word_1_12' title='bbox 483 342 670 397; x_wconf 82' lang='lat' dir='ltr'>gentem</span> <span class='ocrx_word' id='word_1_13' title='bbox 714 340 942 397; x_wconf 77' lang='lat' dir='ltr'><strong>antiquam</strong></span> <span class='ocrx_word' id='word_1_14' title='bbox 1001 350 1104 383; x_wconf 89' lang='lat' dir='ltr'><strong>cum</strong></span> <span class='ocrx_word' id='word_1_15' title='bbox 1143 338 1363 390; x_wconf 76' lang='lat' dir='ltr'><strong>Romanis</strong></span> <span class='ocrx_word' id='word_1_16' title='bbox 1404 337 1695 396; x_wconf 61' lang='lat' dir='ltr'><strong>conj-uitam</strong></span> <span class='ocrx_word' id='word_1_17' title='bbox 1734 336 1883 384; x_wconf 70' lang='lat' dir='ltr'><strong>fni-se</strong></span> <span class='ocrx_word' id='word_1_18' title='bbox 1921 337 2212 413; x_wconf 81' lang='lat' dir='ltr'><strong>perspicuum</strong></span> <span class='ocrx_word' id='word_1_19' title='bbox 2250 331 2381 380; x_wconf 62' lang='lat' dir='ltr'><strong>fau·-</strong></span> 
     </span>
     <span class='ocr_line' id='line_1_3' title="bbox 254 397 2385 474; baseline -0 -17"><span class='ocrx_word' id='word_1_20' title='bbox 254 412 380 457; x_wconf 91' lang='lat' dir='ltr'><strong>Nam</strong></span> <span class='ocrx_word' id='word_1_21' title='bbox 411 426 503 456; x_wconf 90' lang='lat' dir='ltr'><strong>nou</strong></span> <span class='ocrx_word' id='word_1_22' title='bbox 536 426 686 473; x_wconf 90' lang='lat' dir='ltr'><strong>pauca</strong></span> <span class='ocrx_word' id='word_1_23' title='bbox 728 414 772 456; x_wconf 90' lang='lat' dir='ltr'><strong>in</strong></span> <span class='ocrx_word' id='word_1_24' title='bbox 818 414 1094 457; x_wconf 77' lang='lat' dir='ltr'><strong>ornamentis</strong></span> <span class='ocrx_word' id='word_1_25' title='bbox 1136 411 1521 474; x_wconf 79' lang='lat' dir='ltr'><strong>supellectileque</strong></span> <span class='ocrx_word' id='word_1_26' title='bbox 1550 409 1971 473; x_wconf 77' lang='lat' dir='ltr'><strong>Nordendorpensi</strong></span> <span class='ocrx_word' id='word_1_27' title='bbox 2010 414 2096 471; x_wconf 73' lang='lat' dir='ltr'><strong>ita</strong></span> <span class='ocrx_word' id='word_1_28' title='bbox 2115 397 2385 471; x_wconf 48' lang='lat' dir='ltr'><strong>computa*</strong></span> 
     </span>
     <span class='ocr_line' id='line_1_4' title="bbox 254 485 2381 550; baseline -0.002 -17"><span class='ocrx_word' id='word_1_29' title='bbox 254 492 375 545; x_wconf 90' lang='lat' dir='ltr'><strong>sunt,</strong></span> <span class='ocrx_word' id='word_1_30' title='bbox 408 491 459 532; x_wconf 91' lang='lat' dir='ltr'><strong>ut</strong></span> <span class='ocrx_word' id='word_1_31' title='bbox 487 486 737 532; x_wconf 75' lang='lat' dir='ltr'>Romanam</span> <span class='ocrx_word' id='word_1_32' title='bbox 770 488 991 547; x_wconf 77' lang='lat' dir='ltr'><strong>originem</strong></span> <span class='ocrx_word' id='word_1_33' title='bbox 1025 492 1259 548; x_wconf 80' lang='lat' dir='ltr'><strong>artemque</strong></span> <span class='ocrx_word' id='word_1_34' title='bbox 1290 501 1404 550; x_wconf 86' lang='lat' dir='ltr'><strong>prae</strong></span> <span class='ocrx_word' id='word_1_35' title='bbox 1434 501 1488 532; x_wconf 82' lang='lat' dir='ltr'><strong>se</strong></span> <span class='ocrx_word' id='word_1_36' title='bbox 1520 485 1683 532; x_wconf 84' lang='lat' dir='ltr'><strong>ferant.</strong></span> <span class='ocrx_word' id='word_1_37' title='bbox 1748 485 1827 531; x_wconf 77' lang='lat' dir='ltr'><strong>Ex</strong></span> <span class='ocrx_word' id='word_1_38' title='bbox 1867 485 2031 546; x_wconf 79' lang='lat' dir='ltr'><strong>quibus</strong></span> <span class='ocrx_word' id='word_1_39' title='bbox 2060 487 2112 531; x_wconf 83' lang='lat' dir='ltr'><strong>si</strong></span> <span class='ocrx_word' id='word_1_40' title='bbox 2116 487 2237 545; x_wconf 76' lang='lat' dir='ltr'><strong>quis</strong></span> <span class='ocrx_word' id='word_1_41' title='bbox 2254 497 2381 531; x_wconf 85' lang='lat' dir='ltr'><strong>vasa</strong></span> 
     </span>
     <span class='ocr_line' id='line_1_5' title="bbox 251 559 2381 624; baseline -0.001 -15"><span class='ocrx_word' id='word_1_42' title='bbox 251 560 637 619; x_wconf 82' lang='lat' dir='ltr'><strong>Samia,·claves,</strong></span> <span class='ocrx_word' id='word_1_43' title='bbox 671 561 791 624; x_wconf 86' lang='lat' dir='ltr'><strong>pilas</strong></span> <span class='ocrx_word' id='word_1_44' title='bbox 808 562 1123 623; x_wconf 85' lang='lat' dir='ltr'><strong>crystallinas,</strong></span> <span class='ocrx_word' id='word_1_45' title='bbox 1154 562 1319 609; x_wconf 88' lang='lat' dir='ltr'><strong>fibulas</strong></span> <span class='ocrx_word' id='word_1_46' title='bbox 1349 561 1582 623; x_wconf 87' lang='lat' dir='ltr'><strong>quasdam,</strong></span> <span class='ocrx_word' id='word_1_47' title='bbox 1616 560 1824 617; x_wconf 77' lang='lat' dir='ltr'><strong>annulos,</strong></span> <span class='ocrx_word' id='word_1_48' title='bbox 1852 559 1905 606; x_wconf 83' lang='lat' dir='ltr'><strong>id</strong></span> <span class='ocrx_word' id='word_1_49' title='bbox 1918 574 2083 620; x_wconf 66' lang='lat' dir='ltr'><strong>genus·</strong></span> <span class='ocrx_word' id='word_1_50' title='bbox 2103 561 2199 607; x_wconf 80' lang='lat' dir='ltr'><strong>alia</strong></span> <span class='ocrx_word' id='word_1_51' title='bbox 2229 560 2381 606; x_wconf 72' lang='lat' dir='ltr'><strong>aRo-</strong></span> 
     </span>
     <span class='ocr_line' id='line_1_6' title="bbox 251 633 2386 699; baseline -0 -18"><span class='ocrx_word' id='word_1_52' title='bbox 251 637 397 681; x_wconf 84' lang='lat' dir='ltr'><strong>manis</strong></span> <span class='ocrx_word' id='word_1_53' title='bbox 427 635 716 698; x_wconf 84' lang='lat' dir='ltr'><strong>fugientibus</strong></span> <span class='ocrx_word' id='word_1_54' title='bbox 747 636 915 684; x_wconf 84' lang='lat' dir='ltr'><strong>relicta</strong></span> <span class='ocrx_word' id='word_1_55' title='bbox 946 638 991 682; x_wconf 91' lang='lat' dir='ltr'><strong>in</strong></span> <span class='ocrx_word' id='word_1_56' title='bbox 1025 639 1250 684; x_wconf 83' lang='lat' dir='ltr'><strong>victorum</strong></span> <span class='ocrx_word' id='word_1_57' title='bbox 1269 636 1598 685; x_wconf 84' lang='lat' dir='ltr'><strong>Germanorum</strong></span> <span class='ocrx_word' id='word_1_58' title='bbox 1619 636 1957 699; x_wconf 78' lang='lat' dir='ltr'><strong>possessionem</strong></span> <span class='ocrx_word' id='word_1_59' title='bbox 1987 637 2218 696; x_wconf 70' lang='lat' dir='ltr'><strong>migrasse.</strong></span> <span class='ocrx_word' id='word_1_60' title='bbox 2240 633 2386 691; x_wconf 77' lang='lat' dir='ltr'><strong>dicat,</strong></span> 
     </span>
     <span class='ocr_line' id='line_1_7' title="bbox 252 710 2382 772; baseline -0 -17"><span class='ocrx_word' id='word_1_61' title='bbox 252 711 302 756; x_wconf 86' lang='lat' dir='ltr'><strong>id</strong></span> <span class='ocrx_word' id='word_1_62' title='bbox 327 710 476 765; x_wconf 8' lang='lat' dir='ltr'><strong>,velim</strong></span> <span class='ocrx_word' id='word_1_63' title='bbox 507 726 594 757; x_wconf 87' lang='lat' dir='ltr'><strong>nos</strong></span> <span class='ocrx_word' id='word_1_64' title='bbox 626 712 819 769; x_wconf 81' lang='lat' dir='ltr'><strong>doceat,</strong></span> <span class='ocrx_word' id='word_1_65' title='bbox 853 712 1080 772; x_wconf 89' lang='lat' dir='ltr'><strong>quomodo</strong></span> <span class='ocrx_word' id='word_1_66' title='bbox 1112 713 1280 757; x_wconf 86' lang='lat' dir='ltr'><strong>sactum</strong></span> <span class='ocrx_word' id='word_1_67' title='bbox 1312 715 1394 767; x_wconf 86' lang='lat' dir='ltr'><strong>sit,</strong></span> <span class='ocrx_word' id='word_1_68' title='bbox 1426 718 1477 756; x_wconf 88' lang='lat' dir='ltr'><strong>ut</strong></span> <span class='ocrx_word' id='word_1_69' title='bbox 1508 714 1552 755; x_wconf 90' lang='lat' dir='ltr'><strong>in</strong></span> <span class='ocrx_word' id='word_1_70' title='bbox 1586 711 1821 772; x_wconf 85' lang='lat' dir='ltr'><strong>operibus,</strong></span> <span class='ocrx_word' id='word_1_71' title='bbox 1862 724 2049 770; x_wconf 88' lang='lat' dir='ltr'><strong>quorum</strong></span> <span class='ocrx_word' id='word_1_72' title='bbox 2081 712 2268 771; x_wconf 63' lang='lat' dir='ltr'><strong>proptia</strong></span> <span class='ocrx_word' id='word_1_73' title='bbox 2307 716 2382 755; x_wconf 73' lang='lat' dir='ltr'><strong>est</strong></span> 
     </span>
     <span class='ocr_line' id='line_1_8' title="bbox 253 783 2380 846; baseline -0 -17"><span class='ocrx_word' id='word_1_74' title='bbox 253 784 438 840; x_wconf 54' lang='lat' dir='ltr'><strong>QQQQQS</strong></span> <span class='ocrx_word' id='word_1_75' title='bbox 481 791 618 846; x_wconf 90' lang='lat' dir='ltr'><strong>atque</strong></span> <span class='ocrx_word' id='word_1_76' title='bbox 668 803 697 830; x_wconf 89' lang='lat' dir='ltr'><strong>a</strong></span> <span class='ocrx_word' id='word_1_77' title='bbox 732 788 949 832; x_wconf 85' lang='lat' dir='ltr'><strong>Romanis</strong></span> <span class='ocrx_word' id='word_1_78' title='bbox 982 786 1195 841; x_wconf 86' lang='lat' dir='ltr'><strong>diversa,</strong></span> <span class='ocrx_word' id='word_1_79' title='bbox 1229 792 1378 830; x_wconf 84' lang='lat' dir='ltr'><strong>tamen</strong></span> <span class='ocrx_word' id='word_1_80' title='bbox 1409 785 1596 844; x_wconf 79' lang='lat' dir='ltr'><strong>aliquod</strong></span> <span class='ocrx_word' id='word_1_81' title='bbox 1623 786 1927 830; x_wconf 79' lang='lat' dir='ltr'><strong>Romanorum</strong></span> <span class='ocrx_word' id='word_1_82' title='bbox 1961 784 2197 837; x_wconf 61' lang='lat' dir='ltr'><strong>artifici-n</strong></span> <span class='ocrx_word' id='word_1_83' title='bbox 2226 790 2276 830; x_wconf 85' lang='lat' dir='ltr'><strong>et</strong></span> <span class='ocrx_word' id='word_1_84' title='bbox 2299 783 2380 828; x_wconf 79' lang='lat' dir='ltr'><strong>di-</strong></span> 
     </span>
     <span class='ocr_line' id='line_1_9' title="bbox 255 857 2380 921; baseline -0.001 -16"><span class='ocrx_word' id='word_1_85' title='bbox 255 858 496 921; x_wconf 88' lang='lat' dir='ltr'><strong>sciplinam</strong></span> <span class='ocrx_word' id='word_1_86' title='bbox 520 874 838 921; x_wconf 74' lang='lat' dir='ltr'><strong>agnoscamus,</strong></span> <span class='ocrx_word' id='word_1_87' title='bbox 900 860 1070 919; x_wconf 88' lang='lat' dir='ltr'><strong>Neque</strong></span> <span class='ocrx_word' id='word_1_88' title='bbox 1091 861 1206 905; x_wconf 86' lang='lat' dir='ltr'><strong>enim</strong></span> <span class='ocrx_word' id='word_1_89' title='bbox 1238 873 1296 905; x_wconf 91' lang='lat' dir='ltr'><strong>eo</strong></span> <span class='ocrx_word' id='word_1_90' title='bbox 1328 864 1596 918; x_wconf 85' lang='lat' dir='ltr'><strong>argumento</strong></span> <span class='ocrx_word' id='word_1_91' title='bbox 1626 874 1795 920; x_wconf 83' lang='lat' dir='ltr'><strong>pugno,</strong></span> <span class='ocrx_word' id='word_1_92' title='bbox 1829 859 1951 919; x_wconf 92' lang='lat' dir='ltr'><strong>quod</strong></span> <span class='ocrx_word' id='word_1_93' title='bbox 1981 858 2042 905; x_wconf 86' lang='lat' dir='ltr'><strong>ad</strong></span> <span class='ocrx_word' id='word_1_94' title='bbox 2074 857 2380 904; x_wconf 76' lang='lat' dir='ltr'><strong>confutandos</strong></span> 
     </span>
     <span class='ocr_line' id='line_1_10' title="bbox 255 928 1834 993; baseline 0.001 -14"><span class='ocrx_word' id='word_1_95' title='bbox 255 933 559 989; x_wconf 79' lang='lat' dir='ltr'><strong>adversarios</strong></span> <span class='ocrx_word' id='word_1_96' title='bbox 592 948 650 981; x_wconf 87' lang='lat' dir='ltr'><strong>ex</strong></span> <span class='ocrx_word' id='word_1_97' title='bbox 684 934 880 980; x_wconf 88' lang='lat' dir='ltr'><strong>moribus</strong></span> <span class='ocrx_word' id='word_1_98' title='bbox 914 928 1243 980; x_wconf 88' lang='lat' dir='ltr'><strong>Germanorum</strong></span> <span class='ocrx_word' id='word_1_99' title='bbox 1274 935 1462 993; x_wconf 84' lang='lat' dir='ltr'><strong>vitaque</strong></span> <span class='ocrx_word' id='word_1_100' title='bbox 1493 934 1608 978; x_wconf 88' lang='lat' dir='ltr'><strong>sumi</strong></span> <span class='ocrx_word' id='word_1_101' title='bbox 1641 933 1714 979; x_wconf 79' lang='lat' dir='ltr'><strong>sas</strong></span> <span class='ocrx_word' id='word_1_102' title='bbox 1748 940 1834 980; x_wconf 86' lang='lat' dir='ltr'><strong>est.</strong></span> 
     </span>
    </p>
   </div>
   <div class='ocr_carea' id='block_1_2' title="bbox 1181 174 1446 189">
    <p class='ocr_par' dir='ltr' id='par_1_2' title="bbox 1181 174 1446 189">
     <span class='ocr_line' id='line_1_11' title="bbox 1181 174 1446 189; baseline 0 3051"><span class='ocrx_word' id='word_1_103' title='bbox 1181 174 1446 189; x_wconf 95' lang='lat' dir='ltr'><strong> </strong></span> 
     </span>
    </p>
   </div>
   <div class='ocr_carea' id='block_1_3' title="bbox 251 1025 2386 1613">
    <p class='ocr_par' dir='ltr' id='par_1_3' title="bbox 251 1025 2386 1613">
     <span class='ocr_line' id='line_1_12' title="bbox 389 1025 2380 1091; baseline -0.002 -16"><span class='ocrx_word' id='word_1_104' title='bbox 389 1029 603 1075; x_wconf 81' lang='lat' dir='ltr'><strong>Tertium</strong></span> <span class='ocrx_word' id='word_1_105' title='bbox 637 1028 833 1088; x_wconf 83' lang='lat' dir='ltr'><strong>denique</strong></span> <span class='ocrx_word' id='word_1_106' title='bbox 866 1027 1184 1072; x_wconf 81' lang='lat' dir='ltr'><strong>adminiculum</strong></span> <span class='ocrx_word' id='word_1_107' title='bbox 1205 1026 1549 1091; x_wconf 79' lang='lat' dir='ltr'><strong>sepulchrorum</strong></span> <span class='ocrx_word' id='word_1_108' title='bbox 1583 1028 1699 1071; x_wconf 89' lang='lat' dir='ltr'><strong>situs</strong></span> <span class='ocrx_word' id='word_1_109' title='bbox 1732 1042 2044 1087; x_wconf 88' lang='lat' dir='ltr'><strong>armorumque</strong></span> <span class='ocrx_word' id='word_1_110' title='bbox 2068 1027 2242 1074; x_wconf 84' lang='lat' dir='ltr'><strong>decora</strong></span> <span class='ocrx_word' id='word_1_111' title='bbox 2272 1025 2380 1073; x_wconf 81' lang='lat' dir='ltr'><strong>mihi</strong></span> 
     </span>
     <span class='ocr_line' id='line_1_13' title="bbox 258 1097 2379 1163; baseline 0.001 -17"><span class='ocrx_word' id='word_1_112' title='bbox 258 1101 440 1161; x_wconf 88' lang='lat' dir='ltr'><strong>quidem</strong></span> <span class='ocrx_word' id='word_1_113' title='bbox 474 1102 828 1148; x_wconf 85' lang='lat' dir='ltr'><strong>subministrant.</strong></span> <span class='ocrx_word' id='word_1_114' title='bbox 894 1101 986 1147; x_wconf 90' lang='lat' dir='ltr'><strong>llla</strong></span> <span class='ocrx_word' id='word_1_115' title='bbox 1019 1104 1134 1147; x_wconf 88' lang='lat' dir='ltr'><strong>enim</strong></span> <span class='ocrx_word' id='word_1_116' title='bbox 1167 1117 1299 1162; x_wconf 92' lang='lat' dir='ltr'><strong>quum</strong></span> <span class='ocrx_word' id='word_1_117' title='bbox 1328 1099 1488 1147; x_wconf 88' lang='lat' dir='ltr'><strong>ordine</strong></span> <span class='ocrx_word' id='word_1_118' title='bbox 1520 1106 1650 1147; x_wconf 90' lang='lat' dir='ltr'><strong>certo</strong></span> <span class='ocrx_word' id='word_1_119' title='bbox 1682 1104 1995 1163; x_wconf 84' lang='lat' dir='ltr'><strong>processerint</strong></span> <span class='ocrx_word' id='word_1_120' title='bbox 2015 1097 2277 1161; x_wconf 86' lang='lat' dir='ltr'><strong>certamque</strong></span> <span class='ocrx_word' id='word_1_121' title='bbox 2307 1105 2379 1148; x_wconf 91' lang='lat' dir='ltr'><strong>in-</strong></span> 
     </span>
     <span class='ocr_line' id='line_1_14' title="bbox 254 1174 2386 1239; baseline 0 -17"><span class='ocrx_word' id='word_1_122' title='bbox 254 1176 559 1223; x_wconf 87' lang='lat' dir='ltr'><strong>tervallorum</strong></span> <span class='ocrx_word' id='word_1_123' title='bbox 590 1190 845 1222; x_wconf 87' lang='lat' dir='ltr'><strong>mensuram</strong></span> <span class='ocrx_word' id='word_1_124' title='bbox 878 1177 1189 1233; x_wconf 88' lang='lat' dir='ltr'><strong>servaverint,</strong></span> <span class='ocrx_word' id='word_1_125' title='bbox 1221 1191 1310 1222; x_wconf 87' lang='lat' dir='ltr'><strong>non</strong></span> <span class='ocrx_word' id='word_1_126' title='bbox 1343 1174 1560 1222; x_wconf 84' lang='lat' dir='ltr'><strong>videntur</strong></span> <span class='ocrx_word' id='word_1_127' title='bbox 1592 1189 1650 1222; x_wconf 94' lang='lat' dir='ltr'><strong>eo</strong></span> <span class='ocrx_word' id='word_1_128' title='bbox 1683 1184 1908 1237; x_wconf 87' lang='lat' dir='ltr'><strong>tempore,</strong></span> <span class='ocrx_word' id='word_1_129' title='bbox 1955 1188 2044 1235; x_wconf 84' lang='lat' dir='ltr'><strong>quo</strong></span> <span class='ocrx_word' id='word_1_130' title='bbox 2076 1178 2226 1223; x_wconf 86' lang='lat' dir='ltr'><strong>omnia</strong></span> <span class='ocrx_word' id='word_1_131' title='bbox 2254 1177 2386 1239; x_wconf 82' lang='lat' dir='ltr'><strong>apud·</strong></span> 
     </span>
     <span class='ocr_line' id='line_1_15' title="bbox 256 1249 2378 1314; baseline 0 -17"><span class='ocrx_word' id='word_1_132' title='bbox 256 1249 536 1297; x_wconf 87' lang='lat' dir='ltr'><strong>Vindelicos</strong></span> <span class='ocrx_word' id='word_1_133' title='bbox 566 1256 863 1297; x_wconf 86' lang='lat' dir='ltr'><strong>moverentur</strong></span> <span class='ocrx_word' id='word_1_134' title='bbox 895 1256 942 1297; x_wconf 89' lang='lat' dir='ltr'><strong>et</strong></span> <span class='ocrx_word' id='word_1_135' title='bbox 965 1250 1355 1313; x_wconf 84' lang='lat' dir='ltr'><strong>perturbarentur,</strong></span> <span class='ocrx_word' id='word_1_136' title='bbox 1389 1249 1475 1297; x_wconf 89' lang='lat' dir='ltr'><strong>sed</strong></span> <span class='ocrx_word' id='word_1_137' title='bbox 1508 1264 1566 1297; x_wconf 93' lang='lat' dir='ltr'><strong>eo</strong></span> <span class='ocrx_word' id='word_1_138' title='bbox 1596 1252 1765 1314; x_wconf 89' lang='lat' dir='ltr'><strong>potius,</strong></span> <span class='ocrx_word' id='word_1_139' title='bbox 1795 1265 1885 1312; x_wconf 89' lang='lat' dir='ltr'><strong>quo</strong></span> <span class='ocrx_word' id='word_1_140' title='bbox 1917 1265 2064 1298; x_wconf 89' lang='lat' dir='ltr'><strong>rerum</strong></span> <span class='ocrx_word' id='word_1_141' title='bbox 2083 1255 2233 1298; x_wconf 83' lang='lat' dir='ltr'><strong>status</strong></span> <span class='ocrx_word' id='word_1_142' title='bbox 2260 1265 2378 1299; x_wconf 90' lang='lat' dir='ltr'><strong>non-</strong></span> 
     </span>
     <span class='ocr_line' id='line_1_16' title="bbox 254 1325 2380 1388; baseline 0.001 -18"><span class='ocrx_word' id='word_1_143' title='bbox 254 1325 358 1370; x_wconf 90' lang='lat' dir='ltr'><strong>dum</strong></span> <span class='ocrx_word' id='word_1_144' title='bbox 410 1331 537 1371; x_wconf 88' lang='lat' dir='ltr'><strong>esset</strong></span> <span class='ocrx_word' id='word_1_145' title='bbox 580 1340 834 1372; x_wconf 91' lang='lat' dir='ltr'><strong>concussus</strong></span> <span class='ocrx_word' id='word_1_146' title='bbox 868 1333 915 1373; x_wconf 89' lang='lat' dir='ltr'><strong>et</strong></span> <span class='ocrx_word' id='word_1_147' title='bbox 962 1326 1294 1382; x_wconf 80' lang='lat' dir='ltr'><strong>labefactatuS,</strong></span> <span class='ocrx_word' id='word_1_148' title='bbox 1334 1325 1521 1372; x_wconf 89' lang='lat' dir='ltr'><strong>condita</strong></span> <span class='ocrx_word' id='word_1_149' title='bbox 1563 1339 1692 1384; x_wconf 82' lang='lat' dir='ltr'><strong>esse3</strong></span> <span class='ocrx_word' id='word_1_150' title='bbox 1739 1341 1961 1374; x_wconf 89' lang='lat' dir='ltr'><strong>armorum</strong></span> <span class='ocrx_word' id='word_1_151' title='bbox 2002 1331 2176 1387; x_wconf 87' lang='lat' dir='ltr'><strong>autem,</strong></span> <span class='ocrx_word' id='word_1_152' title='bbox 2219 1326 2380 1388; x_wconf 89' lang='lat' dir='ltr'><strong>quibus</strong></span> 
     </span>
     <span class='ocr_line' id='line_1_17' title="bbox 253 1401 2377 1463; baseline 0.001 -19"><span class='ocrx_word' id='word_1_153' title='bbox 253 1402 418 1446; x_wconf 90' lang='lat' dir='ltr'><strong>mortui</strong></span> <span class='ocrx_word' id='word_1_154' title='bbox 452 1403 602 1446; x_wconf 89' lang='lat' dir='ltr'><strong>ornati</strong></span> <span class='ocrx_word' id='word_1_155' title='bbox 637 1408 781 1457; x_wconf 86' lang='lat' dir='ltr'><strong>erant,</strong></span> <span class='ocrx_word' id='word_1_156' title='bbox 815 1401 1141 1447; x_wconf 88' lang='lat' dir='ltr'><strong>multitudinem</strong></span> <span class='ocrx_word' id='word_1_157' title='bbox 1163 1401 1331 1446; x_wconf 89' lang='lat' dir='ltr'><strong>indicio</strong></span> <span class='ocrx_word' id='word_1_158' title='bbox 1364 1414 1470 1447; x_wconf 86' lang='lat' dir='ltr'><strong>esse</strong></span> <span class='ocrx_word' id='word_1_159' title='bbox 1501 1403 1674 1462; x_wconf 89' lang='lat' dir='ltr'><strong>opinor,</strong></span> <span class='ocrx_word' id='word_1_160' title='bbox 1707 1415 1803 1458; x_wconf 86' lang='lat' dir='ltr'><strong>eos,</strong></span> <span class='ocrx_word' id='word_1_161' title='bbox 1837 1403 1911 1462; x_wconf 87' lang='lat' dir='ltr'><strong>qui</strong></span> <span class='ocrx_word' id='word_1_162' title='bbox 1936 1404 1980 1446; x_wconf 89' lang='lat' dir='ltr'><strong>in</strong></span> <span class='ocrx_word' id='word_1_163' title='bbox 2010 1402 2083 1447; x_wconf 90' lang='lat' dir='ltr'><strong>his</strong></span> <span class='ocrx_word' id='word_1_164' title='bbox 2113 1402 2377 1463; x_wconf 83' lang='lat' dir='ltr'><strong>regionibus</strong></span> 
     </span>
     <span class='ocr_line' id='line_1_18' title="bbox 251 1473 2375 1538; baseline 0.001 -19"><span class='ocrx_word' id='word_1_165' title='bbox 251 1473 524 1531; x_wconf 85' lang='lat' dir='ltr'><strong>habitarent,</strong></span> <span class='ocrx_word' id='word_1_166' title='bbox 558 1477 700 1522; x_wconf 82' lang='lat' dir='ltr'><strong>vitam</strong></span> <span class='ocrx_word' id='word_1_167' title='bbox 734 1491 825 1523; x_wconf 92' lang='lat' dir='ltr'><strong>non</strong></span> <span class='ocrx_word' id='word_1_168' title='bbox 858 1476 915 1522; x_wconf 88' lang='lat' dir='ltr'><strong>ab</strong></span> <span class='ocrx_word' id='word_1_169' title='bbox 953 1477 1069 1522; x_wconf 87' lang='lat' dir='ltr'><strong>omni</strong></span> <span class='ocrx_word' id='word_1_170' title='bbox 1101 1480 1232 1537; x_wconf 88' lang='lat' dir='ltr'><strong>parte</strong></span> <span class='ocrx_word' id='word_1_171' title='bbox 1253 1490 1461 1522; x_wconf 89' lang='lat' dir='ltr'><strong>securam</strong></span> <span class='ocrx_word' id='word_1_172' title='bbox 1494 1478 1651 1536; x_wconf 82' lang='lat' dir='ltr'><strong>egisse</strong></span> <span class='ocrx_word' id='word_1_173' title='bbox 1683 1479 1903 1538; x_wconf 85' lang='lat' dir='ltr'><strong>pacisque</strong></span> <span class='ocrx_word' id='word_1_174' title='bbox 1925 1479 2124 1537; x_wconf 88' lang='lat' dir='ltr'><strong>negotiis</strong></span> <span class='ocrx_word' id='word_1_175' title='bbox 2145 1480 2375 1533; x_wconf 86' lang='lat' dir='ltr'><strong>intentam,</strong></span> 
     </span>
     <span class='ocr_line' id='line_1_19' title="bbox 254 1548 2154 1613; baseline 0.002 -19"><span class='ocrx_word' id='word_1_176' title='bbox 254 1548 341 1595; x_wconf 90' lang='lat' dir='ltr'><strong>sed</strong></span> <span class='ocrx_word' id='word_1_177' title='bbox 374 1550 619 1612; x_wconf 85' lang='lat' dir='ltr'><strong>expeditos</strong></span> <span class='ocrx_word' id='word_1_178' title='bbox 655 1556 701 1596; x_wconf 92' lang='lat' dir='ltr'><strong>et</strong></span> <span class='ocrx_word' id='word_1_179' title='bbox 732 1556 921 1613; x_wconf 86' lang='lat' dir='ltr'><strong>paratos</strong></span> <span class='ocrx_word' id='word_1_180' title='bbox 954 1550 1016 1596; x_wconf 89' lang='lat' dir='ltr'><strong>ad</strong></span> <span class='ocrx_word' id='word_1_181' title='bbox 1049 1549 1349 1597; x_wconf 86' lang='lat' dir='ltr'><strong>dimicandum</strong></span> <span class='ocrx_word' id='word_1_182' title='bbox 1380 1550 1575 1597; x_wconf 90' lang='lat' dir='ltr'><strong>hostium</strong></span> <span class='ocrx_word' id='word_1_183' title='bbox 1609 1553 1801 1613; x_wconf 89' lang='lat' dir='ltr'><strong>impetus</strong></span> <span class='ocrx_word' id='word_1_184' title='bbox 1835 1558 2154 1613; x_wconf 82' lang='lat' dir='ltr'><strong>exspectasse.</strong></span> 
     </span>
    </p>
   </div>
   <div class='ocr_carea' id='block_1_4' title="bbox 248 1644 2378 2002">
    <p class='ocr_par' dir='ltr' id='par_1_4' title="bbox 248 1644 2378 2002">
     <span class='ocr_line' id='line_1_20' title="bbox 374 1644 2377 1708; baseline 0.002 -19"><span class='ocrx_word' id='word_1_185' title='bbox 374 1644 511 1691; x_wconf 87' lang='lat' dir='ltr'><strong>Haec</strong></span> <span class='ocrx_word' id='word_1_186' title='bbox 532 1646 672 1706; x_wconf 86' lang='lat' dir='ltr'><strong>igitur</strong></span> <span class='ocrx_word' id='word_1_187' title='bbox 695 1646 899 1705; x_wconf 83' lang='lat' dir='ltr'><strong>vestigia</strong></span> <span class='ocrx_word' id='word_1_188' title='bbox 919 1646 958 1689; x_wconf 89' lang='lat' dir='ltr'><strong>si</strong></span> <span class='ocrx_word' id='word_1_189' title='bbox 982 1646 1223 1705; x_wconf 88' lang='lat' dir='ltr'><strong>sequimur,</strong></span> <span class='ocrx_word' id='word_1_190' title='bbox 1258 1660 1315 1691; x_wconf 92' lang='lat' dir='ltr'><strong>eo</strong></span> <span class='ocrx_word' id='word_1_191' title='bbox 1353 1647 1658 1707; x_wconf 83' lang='lat' dir='ltr'><strong>pervenimus,</strong></span> <span class='ocrx_word' id='word_1_192' title='bbox 1687 1649 1909 1707; x_wconf 84' lang='lat' dir='ltr'><strong>primum,</strong></span> <span class='ocrx_word' id='word_1_193' title='bbox 1943 1652 1997 1692; x_wconf 82' lang='lat' dir='ltr'><strong>uc</strong></span> <span class='ocrx_word' id='word_1_194' title='bbox 2017 1647 2377 1708; x_wconf 72' lang='lat' dir='ltr'><strong>sepulchrorum</strong></span> 
     </span>
     <span class='ocr_line' id='line_1_21' title="bbox 250 1720 2377 1783; baseline 0.002 -20"><span class='ocrx_word' id='word_1_195' title='bbox 250 1724 452 1765; x_wconf 77' lang='lat' dir='ltr'><strong>aetutem</strong></span> <span class='ocrx_word' id='word_1_196' title='bbox 471 1720 684 1766; x_wconf 79' lang='lat' dir='ltr'><strong>Romani</strong></span> <span class='ocrx_word' id='word_1_197' title='bbox 704 1723 890 1781; x_wconf 84' lang='lat' dir='ltr'><strong>imperii</strong></span> <span class='ocrx_word' id='word_1_198' title='bbox 907 1736 995 1780; x_wconf 83' lang='lat' dir='ltr'><strong>per</strong></span> <span class='ocrx_word' id='word_1_199' title='bbox 1015 1721 1221 1766; x_wconf 78' lang='lat' dir='ltr'><strong>Raetias</strong></span> <span class='ocrx_word' id='word_1_200' title='bbox 1247 1723 1431 1783; x_wconf 79' lang='lat' dir='ltr'><strong>firmali</strong></span> <span class='ocrx_word' id='word_1_201' title='bbox 1459 1723 1613 1781; x_wconf 83' lang='lat' dir='ltr'><strong>spatio</strong></span> <span class='ocrx_word' id='word_1_202' title='bbox 1643 1721 2029 1766; x_wconf 72' lang='lat' dir='ltr'><strong>circumscribere</strong></span> <span class='ocrx_word' id='word_1_203' title='bbox 2049 1724 2300 1782; x_wconf 58' lang='lat' dir='ltr'><strong>possemus,</strong></span> <span class='ocrx_word' id='word_1_204' title='bbox 2326 1724 2377 1779; x_wconf 81' lang='lat'><strong>¹)</strong></span> 
     </span>
     <span class='ocr_line' id='line_1_22' title="bbox 251 1784 2377 1856; baseline 0.002 -18"><span class='ocrx_word' id='word_1_205' title='bbox 251 1793 419 1839; x_wconf 79' lang='lat' dir='ltr'><strong>deinde</strong></span> <span class='ocrx_word' id='word_1_206' title='bbox 451 1799 506 1839; x_wconf 84' lang='lat' dir='ltr'><strong>ut</strong></span> <span class='ocrx_word' id='word_1_207' title='bbox 528 1797 673 1853; x_wconf 66' lang='lat' dir='ltr'><strong>qemi,</strong></span> <span class='ocrx_word' id='word_1_208' title='bbox 708 1794 765 1839; x_wconf 88' lang='lat' dir='ltr'><strong>de</strong></span> <span class='ocrx_word' id='word_1_209' title='bbox 797 1810 892 1856; x_wconf 82' lang='lat' dir='ltr'><strong>qua</strong></span> <span class='ocrx_word' id='word_1_210' title='bbox 926 1797 1191 1855; x_wconf 79' lang='lat' dir='ltr'><strong>quaeritur,</strong></span> <span class='ocrx_word' id='word_1_211' title='bbox 1225 1797 1455 1840; x_wconf 82' lang='lat' dir='ltr'><strong>consortii</strong></span> <span class='ocrx_word' id='word_1_212' title='bbox 1484 1790 1692 1854; x_wconf 58' lang='lat' dir='ltr'><strong>aliqua&#39;m</strong></span> <span class='ocrx_word' id='word_1_213' title='bbox 1723 1795 2113 1840; x_wconf 72' lang='lat' dir='ltr'><strong>necessitudinem</strong></span> <span class='ocrx_word' id='word_1_214' title='bbox 2145 1784 2251 1841; x_wconf 61' lang='lat' dir='ltr'><strong>cuni</strong></span> <span class='ocrx_word' id='word_1_215' title='bbox 2271 1796 2377 1842; x_wconf 86' lang='lat' dir='ltr'><strong>Ro-</strong></span> 
     </span>
     <span class='ocr_line' id='line_1_23' title="bbox 248 1867 2378 1930; baseline 0.003 -20"><span class='ocrx_word' id='word_1_216' title='bbox 248 1870 405 1913; x_wconf 80' lang='lat' dir='ltr'><strong>manis</strong></span> <span class='ocrx_word' id='word_1_217' title='bbox 436 1870 762 1914; x_wconf 74' lang='lat' dir='ltr'><strong>intercessisse</strong></span> <span class='ocrx_word' id='word_1_218' title='bbox 793 1883 1156 1929; x_wconf 68' lang='lat' dir='ltr'><strong>coquos-camus,</strong></span> <span class='ocrx_word' id='word_1_219' title='bbox 1190 1868 1387 1930; x_wconf 82' lang='lat' dir='ltr'><strong>denique</strong></span> <span class='ocrx_word' id='word_1_220' title='bbox 1420 1875 1486 1926; x_wconf 82' lang='lat' dir='ltr'><strong>ut,</strong></span> <span class='ocrx_word' id='word_1_221' title='bbox 1520 1883 1640 1929; x_wconf 80' lang='lat' dir='ltr'><strong>quae</strong></span> <span class='ocrx_word' id='word_1_222' title='bbox 1685 1875 1946 1929; x_wconf 82' lang='lat' dir='ltr'><strong>temporum</strong></span> <span class='ocrx_word' id='word_1_223' title='bbox 1986 1869 2186 1916; x_wconf 79' lang='lat' dir='ltr'><strong>conditio</strong></span> <span class='ocrx_word' id='word_1_224' title='bbox 2213 1867 2378 1930; x_wconf 78' lang='lat' dir='ltr'><strong>fuerit,</strong></span> 
     </span>
     <span class='ocr_line' id='line_1_24' title="bbox 250 1945 561 2002; baseline 0 -16"><span class='ocrx_word' id='word_1_225' title='bbox 250 1945 561 2002; x_wconf 78' lang='lat' dir='ltr'><strong>suspicemur.</strong></span> 
     </span>
    </p>
   </div>
   <div class='ocr_carea' id='block_1_5' title="bbox 247 2035 2395 2320">
    <p class='ocr_par' dir='ltr' id='par_1_5' title="bbox 247 2035 2395 2320">
     <span class='ocr_line' id='line_1_25' title="bbox 376 2035 2374 2101; baseline 0.002 -21"><span class='ocrx_word' id='word_1_226' title='bbox 376 2035 534 2094; x_wconf 89' lang='lat' dir='ltr'><strong>Atque</strong></span> <span class='ocrx_word' id='word_1_227' title='bbox 586 2050 704 2081; x_wconf 89' lang='lat' dir='ltr'><strong>nunc</strong></span> <span class='ocrx_word' id='word_1_228' title='bbox 749 2035 926 2095; x_wconf 87' lang='lat' dir='ltr'><strong>quidem</strong></span> <span class='ocrx_word' id='word_1_229' title='bbox 969 2041 1204 2096; x_wconf 84' lang='lat' dir='ltr'><strong>superest,</strong></span> <span class='ocrx_word' id='word_1_230' title='bbox 1255 2042 1304 2080; x_wconf 85' lang='lat' dir='ltr'><strong>ut</strong></span> <span class='ocrx_word' id='word_1_231' title='bbox 1358 2049 1505 2080; x_wconf 88' lang='lat' dir='ltr'><strong>rerum</strong></span> <span class='ocrx_word' id='word_1_232' title='bbox 1547 2050 1630 2095; x_wconf 90' lang='lat' dir='ltr'><strong>per</strong></span> <span class='ocrx_word' id='word_1_233' title='bbox 1673 2037 1825 2096; x_wconf 86' lang='lat' dir='ltr'><strong>priora</strong></span> <span class='ocrx_word' id='word_1_234' title='bbox 1873 2039 2065 2097; x_wconf 88' lang='lat' dir='ltr'><strong>quinque</strong></span> <span class='ocrx_word' id='word_1_235' title='bbox 2108 2038 2300 2084; x_wconf 82' lang='lat' dir='ltr'><strong>saecula</strong></span> <span class='ocrx_word' id='word_1_236' title='bbox 2331 2054 2374 2101; x_wconf 89' lang='lat' dir='ltr'><strong>p.</strong></span> 
     </span>
     <span class='ocr_line' id='line_1_26' title="bbox 254 2108 2395 2170; baseline 0.001 -14"><span class='ocrx_word' id='word_1_237' title='bbox 254 2108 366 2156; x_wconf 86' lang='lat' dir='ltr'><strong>Chr.</strong></span> <span class='ocrx_word' id='word_1_238' title='bbox 401 2111 447 2154; x_wconf 87' lang='lat' dir='ltr'><strong>in</strong></span> <span class='ocrx_word' id='word_1_239' title='bbox 481 2112 727 2170; x_wconf 85' lang='lat' dir='ltr'><strong>provincia</strong></span> <span class='ocrx_word' id='word_1_240' title='bbox 758 2116 917 2155; x_wconf 88' lang='lat' dir='ltr'><strong>nostra</strong></span> <span class='ocrx_word' id='word_1_241' title='bbox 948 2117 1180 2169; x_wconf 88' lang='lat' dir='ltr'><strong>gestarum</strong></span> <span class='ocrx_word' id='word_1_242' title='bbox 1213 2112 1469 2155; x_wconf 82' lang='lat' dir='ltr'><strong>memoriam</strong></span> <span class='ocrx_word' id='word_1_243' title='bbox 1515 2110 1748 2155; x_wconf 83' lang='lat' dir='ltr'><strong>adeamus.</strong></span> <span class='ocrx_word' id='word_1_244' title='bbox 1819 2111 1985 2166; x_wconf 86' lang='lat' dir='ltr'><strong>Quidni</strong></span> <span class='ocrx_word' id='word_1_245' title='bbox 2030 2115 2145 2157; x_wconf 86' lang='lat' dir='ltr'><strong>enim</strong></span> <span class='ocrx_word' id='word_1_246' title='bbox 2186 2113 2395 2159; x_wconf 88' lang='lat' dir='ltr'><strong>historia-</strong></span> 
     </span>
     <span class='ocr_line' id='line_1_27' title="bbox 250 2183 2376 2248; baseline 0.001 -18"><span class='ocrx_word' id='word_1_247' title='bbox 250 2187 402 2245; x_wconf 89' lang='lat' dir='ltr'><strong>gentis</strong></span> <span class='ocrx_word' id='word_1_248' title='bbox 436 2184 677 2243; x_wconf 87' lang='lat' dir='ltr'><strong>cujusdam</strong></span> <span class='ocrx_word' id='word_1_249' title='bbox 713 2184 795 2231; x_wconf 84' lang='lat' dir='ltr'><strong>vel</strong></span> <span class='ocrx_word' id='word_1_250' title='bbox 825 2183 1051 2231; x_wconf 86' lang='lat' dir='ltr'><strong>hominum</strong></span> <span class='ocrx_word' id='word_1_251' title='bbox 1085 2198 1245 2230; x_wconf 89' lang='lat' dir='ltr'><strong>nomen</strong></span> <span class='ocrx_word' id='word_1_252' title='bbox 1279 2190 1358 2229; x_wconf 87' lang='lat' dir='ltr'><strong>aut</strong></span> <span class='ocrx_word' id='word_1_253' title='bbox 1399 2184 1498 2229; x_wconf 86' lang='lat' dir='ltr'><strong>fata</strong></span> <span class='ocrx_word' id='word_1_254' title='bbox 1530 2183 1773 2243; x_wconf 80' lang='lat' dir='ltr'><strong>officiaque</strong></span> <span class='ocrx_word' id='word_1_255' title='bbox 1805 2192 2142 2243; x_wconf 87' lang='lat' dir='ltr'><strong>commemoret,</strong></span> <span class='ocrx_word' id='word_1_256' title='bbox 2185 2189 2229 2233; x_wconf 89' lang='lat' dir='ltr'><strong>in</strong></span> <span class='ocrx_word' id='word_1_257' title='bbox 2262 2203 2376 2248; x_wconf 91' lang='lat' dir='ltr'><strong>quos</strong></span> 
     </span>
     <span class='ocr_line' id='line_1_28' title="bbox 247 2257 2175 2320; baseline 0.002 -16"><span class='ocrx_word' id='word_1_258' title='bbox 247 2261 541 2316; x_wconf 84' lang='lat' dir='ltr'><strong>conveniant,</strong></span> <span class='ocrx_word' id='word_1_259' title='bbox 574 2272 691 2320; x_wconf 89' lang='lat' dir='ltr'><strong>quae</strong></span> <span class='ocrx_word' id='word_1_260' title='bbox 724 2273 786 2304; x_wconf 87' lang='lat' dir='ltr'><strong>ex</strong></span> <span class='ocrx_word' id='word_1_261' title='bbox 823 2260 1102 2319; x_wconf 83' lang='lat' dir='ltr'><strong>antiquitatis</strong></span> <span class='ocrx_word' id='word_1_262' title='bbox 1135 2258 1337 2319; x_wconf 89' lang='lat' dir='ltr'><strong>reliquiis</strong></span> <span class='ocrx_word' id='word_1_263' title='bbox 1371 2260 1482 2319; x_wconf 74' lang='lat' dir='ltr'><strong>ipsIs</strong></span> <span class='ocrx_word' id='word_1_264' title='bbox 1515 2257 1736 2305; x_wconf 84' lang='lat' dir='ltr'><strong>didicisse</strong></span> <span class='ocrx_word' id='word_1_265' title='bbox 1768 2258 1899 2305; x_wconf 86' lang='lat' dir='ltr'><strong>nobis</strong></span> <span class='ocrx_word' id='word_1_266' title='bbox 1932 2260 2175 2307; x_wconf 70' lang='lat' dir='ltr'><strong>videmur?</strong></span> 
     </span>
    </p>
   </div>
   <div class='ocr_carea' id='block_1_6' title="bbox 249 2352 2383 2488">
    <p class='ocr_par' dir='ltr' id='par_1_6' title="bbox 249 2352 2383 2488">
     <span class='ocr_line' id='line_1_29' title="bbox 385 2352 2383 2415; baseline 0.002 -17"><span class='ocrx_word' id='word_1_267' title='bbox 385 2353 651 2399; x_wconf 81' lang='lat' dir='ltr'><strong>Vindelicos</strong></span> <span class='ocrx_word' id='word_1_268' title='bbox 674 2357 718 2409; x_wconf 80' lang='lat'><strong>²)</strong></span> <span class='ocrx_word' id='word_1_269' title='bbox 765 2360 937 2410; x_wconf 87' lang='lat' dir='ltr'><strong>autem,</strong></span> <span class='ocrx_word' id='word_1_270' title='bbox 989 2368 1121 2412; x_wconf 90' lang='lat' dir='ltr'><strong>quum</strong></span> <span class='ocrx_word' id='word_1_271' title='bbox 1155 2353 1228 2399; x_wconf 86' lang='lat' dir='ltr'><strong>Cl.</strong></span> <span class='ocrx_word' id='word_1_272' title='bbox 1261 2352 1467 2398; x_wconf 79' lang='lat' dir='ltr'><strong>Drusus</strong></span> <span class='ocrx_word' id='word_1_273' title='bbox 1508 2352 1627 2398; x_wconf 89' lang='lat' dir='ltr'><strong>hanc</strong></span> <span class='ocrx_word' id='word_1_274' title='bbox 1670 2358 1834 2398; x_wconf 87' lang='lat' dir='ltr'><strong>terram</strong></span> <span class='ocrx_word' id='word_1_275' title='bbox 1872 2356 2074 2415; x_wconf 82' lang='lat' dir='ltr'><strong>pacavit,</strong></span> <span class='ocrx_word' id='word_1_276' title='bbox 2116 2354 2256 2400; x_wconf 86' lang='lat' dir='ltr'><strong>sedes</strong></span> <span class='ocrx_word' id='word_1_277' title='bbox 2288 2355 2383 2401; x_wconf 52' lang='lat' dir='ltr'><strong>baa</strong></span> 
     </span>
     <span class='ocr_line' id='line_1_30' title="bbox 249 2427 2372 2488; baseline 0 -15"><span class='ocrx_word' id='word_1_278' title='bbox 249 2428 406 2473; x_wconf 89' lang='lat' dir='ltr'><strong>buisse</strong></span> <span class='ocrx_word' id='word_1_279' title='bbox 448 2429 568 2473; x_wconf 86' lang='lat' dir='ltr'><strong>inter</strong></span> <span class='ocrx_word' id='word_1_280' title='bbox 610 2427 888 2485; x_wconf 88' lang='lat' dir='ltr'><strong>Danubium,</strong></span> <span class='ocrx_word' id='word_1_281' title='bbox 932 2428 1105 2474; x_wconf 80' lang='lat' dir='ltr'><strong>Ocnum</strong></span> <span class='ocrx_word' id='word_1_282' title='bbox 1147 2428 1387 2486; x_wconf 87' lang='lat' dir='ltr'><strong>lacumque</strong></span> <span class='ocrx_word' id='word_1_283' title='bbox 1420 2428 1731 2486; x_wconf 87' lang='lat' dir='ltr'><strong>Brigantinum</strong></span> <span class='ocrx_word' id='word_1_284' title='bbox 1774 2431 2037 2488; x_wconf 86' lang='lat' dir='ltr'><strong>reperimus.</strong></span> <span class='ocrx_word' id='word_1_285' title='bbox 2091 2430 2300 2475; x_wconf 81' lang='lat' dir='ltr'><strong>Fuerunt</strong></span> <span class='ocrx_word' id='word_1_286' title='bbox 2340 2433 2372 2474; x_wconf 89' lang='lat' dir='ltr'><strong>ii</strong></span> 
     </span>
    </p>
   </div>
   <div class='ocr_carea' id='block_1_7' title="bbox 306 2630 2371 2868">
    <p class='ocr_par' dir='ltr' id='par_1_7' title="bbox 306 2630 2371 2868">
     <span class='ocr_line' id='line_1_31' title="bbox 306 2630 2370 2685; baseline 0.001 -14"><span class='ocrx_word' id='word_1_287' title='bbox 306 2634 339 2681; x_wconf 86' lang='lat'><strong>¹)</strong></span> <span class='ocrx_word' id='word_1_288' title='bbox 369 2632 451 2681; x_wconf 81' lang='lat' dir='ltr'><strong>Qui</strong></span> <span class='ocrx_word' id='word_1_289' title='bbox 479 2632 784 2683; x_wconf 80' lang='lat' dir='ltr'><strong>angustioribus</strong></span> <span class='ocrx_word' id='word_1_290' title='bbox 813 2643 899 2670; x_wconf 76' lang='lat' dir='ltr'><strong>cam</strong></span> <span class='ocrx_word' id='word_1_291' title='bbox 926 2630 1073 2670; x_wconf 89' lang='lat' dir='ltr'><strong>finibus</strong></span> <span class='ocrx_word' id='word_1_292' title='bbox 1102 2632 1322 2680; x_wconf 84' lang='lat' dir='ltr'><strong>terminant,</strong></span> <span class='ocrx_word' id='word_1_293' title='bbox 1349 2630 1508 2675; x_wconf 91' lang='lat' dir='ltr'><strong>numulo</strong></span> <span class='ocrx_word' id='word_1_294' title='bbox 1539 2631 1730 2680; x_wconf 72' lang='lat' dir='ltr'><strong>Valentis,</strong></span> <span class='ocrx_word' id='word_1_295' title='bbox 1758 2642 1875 2685; x_wconf 88' lang='lat' dir='ltr'><strong>quem</strong></span> <span class='ocrx_word' id='word_1_296' title='bbox 1903 2642 2028 2683; x_wconf 82' lang='lat' dir='ltr'><strong>supra</strong></span> <span class='ocrx_word' id='word_1_297' title='bbox 2060 2631 2255 2673; x_wconf 83' lang='lat' dir='ltr'><strong>habemus</strong></span> <span class='ocrx_word' id='word_1_298' title='bbox 2291 2633 2370 2673; x_wconf 78' lang='lat' dir='ltr'><strong>ad-</strong></span> 
     </span>
     <span class='ocr_line' id='line_1_32' title="bbox 376 2678 2371 2747; baseline 0.001 -14"><span class='ocrx_word' id='word_1_299' title='bbox 376 2694 596 2744; x_wconf 86' lang='lat' dir='ltr'><strong>scriptum,</strong></span> <span class='ocrx_word' id='word_1_300' title='bbox 619 2698 663 2732; x_wconf 90' lang='lat' dir='ltr'><strong>ut</strong></span> <span class='ocrx_word' id='word_1_301' title='bbox 698 2694 921 2733; x_wconf 82' lang='lat' dir='ltr'><strong>novissimo</strong></span> <span class='ocrx_word' id='word_1_302' title='bbox 958 2694 1146 2744; x_wconf 84' lang='lat' dir='ltr'><strong>temporis</strong></span> <span class='ocrx_word' id='word_1_303' title='bbox 1184 2691 1342 2744; x_wconf 88' lang='lat' dir='ltr'><strong>indice,</strong></span> <span class='ocrx_word' id='word_1_304' title='bbox 1371 2692 1515 2733; x_wconf 83' lang='lat' dir='ltr'><strong>confisi</strong></span> <span class='ocrx_word' id='word_1_305' title='bbox 1542 2693 1570 2731; x_wconf 92' lang='lat' dir='ltr'><strong>ii</strong></span> <span class='ocrx_word' id='word_1_306' title='bbox 1598 2692 1783 2744; x_wconf 85' lang='lat' dir='ltr'><strong>viderint,</strong></span> <span class='ocrx_word' id='word_1_307' title='bbox 1813 2704 1864 2732; x_wconf 86' lang='lat' dir='ltr'><strong>nc</strong></span> <span class='ocrx_word' id='word_1_308' title='bbox 1902 2693 2153 2734; x_wconf 82' lang='lat' dir='ltr'><strong>adversariis</strong></span> <span class='ocrx_word' id='word_1_309' title='bbox 2192 2678 2371 2747; x_wconf 70' lang='lat' dir='ltr'><strong>opertum</strong></span> 
     </span>
     <span class='ocr_line' id='line_1_33' title="bbox 380 2754 2370 2809; baseline 0.002 -15"><span class='ocrx_word' id='word_1_310' title='bbox 380 2757 489 2794; x_wconf 82' lang='lat' dir='ltr'><strong>latus</strong></span> <span class='ocrx_word' id='word_1_311' title='bbox 528 2754 681 2794; x_wconf 87' lang='lat' dir='ltr'><strong>obdent</strong></span> <span class='ocrx_word' id='word_1_312' title='bbox 708 2757 865 2794; x_wconf 80' lang='lat' dir='ltr'><strong>attritos</strong></span> <span class='ocrx_word' id='word_1_313' title='bbox 893 2757 987 2795; x_wconf 89' lang='lat' dir='ltr'><strong>illos</strong></span> <span class='ocrx_word' id='word_1_314' title='bbox 1018 2760 1059 2794; x_wconf 86' lang='lat' dir='ltr'><strong>et</strong></span> <span class='ocrx_word' id='word_1_315' title='bbox 1086 2756 1299 2795; x_wconf 85' lang='lat' dir='ltr'><strong>obsoletos</strong></span> <span class='ocrx_word' id='word_1_316' title='bbox 1337 2766 1479 2796; x_wconf 87' lang='lat' dir='ltr'><strong>numos</strong></span> <span class='ocrx_word' id='word_1_317' title='bbox 1508 2755 1824 2809; x_wconf 83' lang='lat' dir='ltr'><strong>opponentibus,</strong></span> <span class='ocrx_word' id='word_1_318' title='bbox 1869 2766 1974 2809; x_wconf 79' lang='lat' dir='ltr'><strong>quos</strong></span> <span class='ocrx_word' id='word_1_319' title='bbox 2015 2754 2175 2797; x_wconf 86' lang='lat' dir='ltr'><strong>dubium</strong></span> <span class='ocrx_word' id='word_1_320' title='bbox 2212 2758 2266 2797; x_wconf 87' lang='lat' dir='ltr'><strong>sit</strong></span> <span class='ocrx_word' id='word_1_321' title='bbox 2303 2758 2370 2799; x_wconf 88' lang='lat' dir='ltr'><strong>cui</strong></span> 
     </span>
     <span class='ocr_line' id='line_1_34' title="bbox 375 2816 870 2868; baseline 0.002 -13"><span class='ocrx_word' id='word_1_322' title='bbox 375 2818 609 2868; x_wconf 76' lang='lat' dir='ltr'><strong>Imperatori</strong></span> <span class='ocrx_word' id='word_1_323' title='bbox 637 2816 870 2856; x_wconf 86' lang='lat' dir='ltr'><strong>debeamus.</strong></span> 
     </span>
    </p>
   </div>
   <div class='ocr_carea' id='block_1_8' title="bbox 1789 2867 1931 2918">
    <p class='ocr_par' dir='ltr' id='par_1_8' title="bbox 1789 2867 1931 2918">
     <span class='ocr_line' id='line_1_35' title="bbox 1789 2867 1931 2918; baseline 0.014 -2"><span class='ocrx_word' id='word_1_324' title='bbox 1789 2867 1931 2918; x_wconf 57' lang='lat' dir='ltr'><strong>lente&amp;</strong></span> 
     </span>
    </p>
   </div>
   <div class='ocr_carea' id='block_1_9' title="bbox 298 2908 2368 3086">
    <p class='ocr_par' dir='ltr' id='par_1_9' title="bbox 298 2908 2368 3086">
     <span class='ocr_line' id='line_1_36' title="bbox 298 2908 2368 2963; baseline 0 -15"><span class='ocrx_word' id='word_1_325' title='bbox 298 2909 335 2957; x_wconf 80' lang='lat'><strong>²)</strong></span> <span class='ocrx_word' id='word_1_326' title='bbox 364 2908 521 2950; x_wconf 86' lang='lat' dir='ltr'><strong>Gentes</strong></span> <span class='ocrx_word' id='word_1_327' title='bbox 561 2923 700 2950; x_wconf 90' lang='lat' dir='ltr'><strong>eorum</strong></span> <span class='ocrx_word' id='word_1_328' title='bbox 736 2914 908 2963; x_wconf 82' lang='lat' dir='ltr'><strong>quatuor</strong></span> <span class='ocrx_word' id='word_1_329' title='bbox 947 2908 1231 2960; x_wconf 83' lang='lat' dir='ltr'><strong>Consuantes,</strong></span> <span class='ocrx_word' id='word_1_330' title='bbox 1266 2909 1515 2959; x_wconf 79' lang='lat' dir='ltr'><strong>Bucinates,</strong></span> <span class='ocrx_word' id='word_1_331' title='bbox 1560 2908 1786 2949; x_wconf 80' lang='lat' dir='ltr'><strong>Catenates</strong></span> <span class='ocrx_word' id='word_1_332' title='bbox 1822 2915 2011 2948; x_wconf 84' lang='lat' dir='ltr'><strong>recenset</strong></span> <span class='ocrx_word' id='word_1_333' title='bbox 2045 2910 2213 2949; x_wconf 71' lang='lat' dir='ltr'><strong>Plinius</strong></span> <span class='ocrx_word' id='word_1_334' title='bbox 2252 2909 2368 2958; x_wconf 78' lang='lat' dir='ltr'><strong>(Nat.</strong></span> 
     </span>
     <span class='ocr_line' id='line_1_37' title="bbox 375 2970 2368 3024; baseline 0.002 -16"><span class='ocrx_word' id='word_1_335' title='bbox 375 2972 484 3010; x_wconf 86' lang='lat' dir='ltr'><strong>Hist.</strong></span> <span class='ocrx_word' id='word_1_336' title='bbox 510 2970 598 3023; x_wconf 87' lang='grc' dir='ltr'><strong>ΠΙ.,</strong></span> <span class='ocrx_word' id='word_1_337' title='bbox 626 2971 697 3021; x_wconf 85' lang='grc'><strong>24)</strong></span> <span class='ocrx_word' id='word_1_338' title='bbox 734 2973 776 3012; x_wconf 89' lang='lat' dir='ltr'><strong>in</strong></span> <span class='ocrx_word' id='word_1_339' title='bbox 812 2977 980 3024; x_wconf 81' lang='lat' dir='ltr'><strong>tropaeo</strong></span> <span class='ocrx_word' id='word_1_340' title='bbox 1016 2971 1179 3023; x_wconf 86' lang='lat' dir='ltr'><strong>Alpium</strong></span> <span class='ocrx_word' id='word_1_341' title='bbox 1216 2972 1391 3012; x_wconf 85' lang='lat' dir='ltr'><strong>innixus.</strong></span> <span class='ocrx_word' id='word_1_342' title='bbox 1450 2970 1583 3022; x_wconf 77' lang='lat' dir='ltr'><strong>Cujus</strong></span> <span class='ocrx_word' id='word_1_343' title='bbox 1621 2972 1765 3011; x_wconf 76' lang='lat' dir='ltr'><strong>relatio</strong></span> <span class='ocrx_word' id='word_1_344' title='bbox 1804 2977 2006 3023; x_wconf 75' lang='lat' dir='ltr'><strong>quatenus</strong></span> <span class='ocrx_word' id='word_1_345' title='bbox 2034 2983 2124 3013; x_wconf 87' lang='lat' dir='ltr'><strong>cum</strong></span> <span class='ocrx_word' id='word_1_346' title='bbox 2150 2971 2368 3013; x_wconf 73' lang='lat' dir='ltr'><strong>Strabonis</strong></span> 
     </span>
     <span class='ocr_line' id='line_1_38' title="bbox 377 3033 2047 3086; baseline 0.002 -16"><span class='ocrx_word' id='word_1_347' title='bbox 377 3039 500 3083; x_wconf 79' lang='lat' dir='ltr'><strong>atque</strong></span> <span class='ocrx_word' id='word_1_348' title='bbox 524 3035 745 3073; x_wconf 78' lang='lat' dir='ltr'><strong>Plolcmaei</strong></span> <span class='ocrx_word' id='word_1_349' title='bbox 775 3036 1004 3074; x_wconf 81' lang='lat' dir='ltr'><strong>narratione</strong></span> <span class='ocrx_word' id='word_1_350' title='bbox 1031 3033 1266 3084; x_wconf 80' lang='lat' dir='ltr'><strong>concordet,</strong></span> <span class='ocrx_word' id='word_1_351' title='bbox 1293 3034 1501 3073; x_wconf 78' lang='lat' dir='ltr'><strong>Zeussius</strong></span> <span class='ocrx_word' id='word_1_352' title='bbox 1529 3034 1579 3082; x_wconf 86' lang='grc'><strong>(1.</strong></span> <span class='ocrx_word' id='word_1_353' title='bbox 1609 3044 1644 3074; x_wconf 84' lang='lat' dir='ltr'><strong>c.</strong></span> <span class='ocrx_word' id='word_1_354' title='bbox 1673 3045 1716 3085; x_wconf 80' lang='lat' dir='ltr'><strong>p.</strong></span> <span class='ocrx_word' id='word_1_355' title='bbox 1742 3034 1840 3083; x_wconf 84' lang='grc'>234)</span> <span class='ocrx_word' id='word_1_356' title='bbox 1867 3035 2047 3086; x_wconf 80' lang='lat' dir='ltr'><strong>exponit.</strong></span> 
     </span>
    </p>
   </div>
  </div>
 </body>
</html>
