2645 3240
328 252 456 307 'At
486 268 627 306 vero
620 255 775 302 altum
816 255 1040 306 silentium
1073 262 1289 306 veterum
1312 258 1584 329 scriptom'm
1628 256 1690 304 de
1719 257 1970 318 irruptione
2013 256 2095 302 illa
2126 259 2214 315 est,
2246 270 2380 317 qum

262 330 467 386 moin
470 329 573 395 jein
604 335 768 403 §tarto
799 333 1008 381 saeculo
1020 330 1125 381 vel
1135 335 1288 382 initio
1307 326 1458 394 quinti
1480 333 1535 377 iu
1550 321 1897 378 vindelicorum
1942 332 2056 377 finoe
2086 332 2259 379 fecisse
2286 332 2380 379 Vir

265 403 490 459 afflue
496 408 747 458 summat(
781 400 962 455 Deinde
1004 410 1045 453 si
1087 409 1192 453 aliis
1238 416 1341 453 no'n·
1354 411 1491 468 patet·
1515 403 1826 462 documentis,
1869 405 2110 468 populum,
2153 406 2213 452 de
2243 410 2379 467 cujus

264 479 461 547 Μέθη
465 484 622 545 utque
646 489 805 531 aetate
829 483 1129 545 disceptatur,
1161 480 1502 528 necessitudine
1534 479 1689 540 alequa
1721 495 1822 527 cum
1846 481 2063 527 Romanis
2087 483 2381 542 conjunctum

261 561 434 619 fuisse,
478 565 528 606 nt
566 562 866 622 numispatet
896 559 1161 614 Romanis,
1184 569 1301 617 quos
1330 555 1468 603 modo
1498 558 1721 604 recensui.
1786 556 1999 617 Namque
2030 571 2161 618 quum
2200 557 2379 619 plurimi

261 635 762 683 feminibuscareant
793 634 855 682 ad
882 631 1183 694 religandum,
1214 632 1432 679 concidat
1460 645 1656 679 necesse
1682 639 1766 690 est,
1800 632 1921 694 quod
1945 632 2173 692 objicitur,
2206 632 2267 678 ad
2299 647 2379 679 or-

261 703 627 772 nanduffatque
659 706 920 764 ludendum,
952 699 1042 753 nou
1073 707 1288 754 ad2³seria
1313 712 1531 769 vitaeque
1565 722 1691 754 usum
1718 723 1801 754 eos
1833 722 1942 753 esse
1965 707 2209 753 adhibitos.
2272 708 2380 754 Nec

267 786 453 834 multum
486 792 550 832 ex
580 800 671 831 una
702 785 854 832 erucis
876 779 1025 843 figura
1047 794 1131 829 eos
1149 783 1322 829 lucrari
1344 786 1600 847 putaverim
1627 784 1689 830 ad
1711 786 1967 846 opinionem
1989 798 2115 829 suam
2140 783 2381 830 stabilien-

265 863 394 919 dam,
442 864 518 923 qui
551 853 792 907 doctrinae
821 857 1114 907 Christianae
1139 861 1189 904 in
1230 859 1303 905 his
1333 862 1597 922 regionibus
1628 862 1769 907 latius
1800 865 2093 922 propagatae
2135 861 2382 922 primordia

261 938 319 985 ab
352 941 408 984 iis
440 945 495 983 se
527 940 739 998 repetere
769 946 910 996 posse
941 933 1156 992 credant,
1190 926 1376 995 quorum
1409 951 1518 983 ossa
1549 938 1745 999 iia-agro
1776 935 2195 999 Nordendorpen'si
2227 935 2384 982 abdita

258 1015 478 1062 latebant.
538 1011 643 1060 sed
667 1011 728 1057 de
755 1008 845 1057 hac
864 1024 916 1057 re
936 1015 1043 1073 post
1063 1010 1331 1058 videbimus.
1394 1011 1532 1058 Nunc
1554 1017 1713 1070 restat,
1746 1017 1795 1058 ut
1811 1012 1975 1070 dicam,
2009 1014 2049 1058 si
2072 1027 2230 1074 opera,
2264 1028 2381 1074 quae

264 1090 539 1151 Troyonius
560 1087 818 1150 descripsit,
849 1086 1151 1134 Allemannos
1184 1086 1424 1134 habuerint
1454 1092 1681 1146 auctores,
1714 1103 1802 1134 non
1824 1092 2036 1135 continuo
2069 1092 2303 1150 consequi,
2332 1094 2384 1135 ut

260 1173 422 1213 nostra
453 1164 724 1212 Succorum
756 1161 908 1208 suiSse'
943 1166 1207 1212 statuamus.
1270 1163 1387 1212 Mihi
1427 1169 1556 1211 certe
1597 1168 1887 1224 utrorumque
1925 1165 2169 1213 similitudo
2214 1181 2304 1213 non
2336 1168 2383 1212 in

260 1241 381 1289 illud
415 1239 658 1297 evalescit,
692 1243 745 1284 ut
774 1240 928 1299 gentis
959 1240 1167 1300 aequalis
1199 1240 1421 1302 quandam
1445 1241 1762 1303 cognationem
1797 1239 2089 1293 demonstret.
2151 1241 2383 1303 Quidquid

266 1311 382 1363 enim
415 1321 577 1363 contra
607 1314 857 1378 proferunt,
903 1331 980 1362 res
1012 1318 1114 1378 ipsa
1145 1317 1366 1378 loquitur3
1391 1319 1488 1361 'ars
1520 1331 1579 1362 eo
1606 1322 1835 1378 tempore,
1889 1330 1977 1375 quo
2009 1316 2261 1364 Helvetica
2300 1317 2383 1363 illa

265 1393 392 1458 facta
423 1397 541 1449 sunt,
575 1390 694 1438 adeo
720 1394 816 1453 jam
847 1394 892 1437 iu
928 1391 1130 1439 deterius
1162 1385 1333 1456 mutata
1365 1397 1450 1451 est,
1482 1395 1541 1438 ut'
1556 1391 1674 1439 haec
1703 1393 1878 1438 minime
1910 1391 2101 1439 eandem
2133 1394 2382 1455 antiquita-

265 1473 356 1517 tem
404 1468 646 1515 redoleant
687 1472 823 1530 atque
867 1467 1322 1531 Nordendorpensia.
1388 1467 1567 1532 Quodsi
1610 1483 1700 1515 non
1746 1483 1931 1531 possum
1976 1467 2032 1514 ab
2076 1471 2221 1515 animo
2280 1485 2382 1517 meo

266 1546 522 1609 impetrare,
555 1549 605 1591 ut
635 1543 783 1590 album
817 1543 1043 1590 calculum
1073 1547 1129 1591 iis
1148 1545 1365 1592 *omnibus
1396 1544 1614 1605 adjiciat,
1655 1560 1782 1606 ,quae
1813 1547 1859 1590 in
1892 1547 2010 1591 actis
2043 1544 2215 1591 diurnis
2247 1545 2382 1593 modo

271 1622 406 1670 dictis
434 1621 652 1688 'exposita
684 1627 801 1679 sunt,
834 1624 982 1687 tamen
1016 1621 1157 1668 multa
1189 1624 1354 1684 optime
1388 1619 1631 1668 enucleata
1663 1634 1769 1667 esse
1802 1621 2037 1667 confiteor.

363 1693 443 1744 ‘In
491 1696 594 1743 hoc
629 1695 777 1743 habeo
827 1700 873 1742 et
916 1696 1041 1743 illum
1073 1697 1235 1759 Virum
1267 1697 1572 1745 doctissimum
1595 1699 1984 1757 consentientem,
2031 1699 2105 1759 qui
2137 1699 2381 1759 antiquita-

266 1773 388 1819 tibus
420 1774 589 1819 nostris
621 1770 809 1819 Monaci
855 1771 1114 1835 adspectis,
1148 1780 1236 1836 quo
1267 1773 1492 1821 translata
1524 1779 1676 1832 erant,
1721 1779 1772 1820 ut
1804 1774 1926 1836 Regi
1958 1773 2301 1835 Angustissimo
2333 1777 2379 1821 in

266 1851 467 1896 notitiam
499 1851 724 1907 venirent,
756 1851 801 1894 in
830 1849 992 1897 iisdem
1025 1852 1144 1898 actis
1172 1865 1299 1898 suam
1329 1852 1594 1897 sententiam
1640 1852 1903 1913 expromsit.
1931 1852 1981 1907 ¹)
2044 1850 2219 1897 Verum
2263 1851 2381 1897 enim

267 1935 385 1972 vero
416 1924 539 1986 quod
570 1928 610 1970 is
642 1926 955 1974 Allemannos
985 1927 1031 1971 in
1063 1925 1321 1973 Suevorum
1356 1927 1507 1973 locum
1538 1929 1603 1973 ita
1633 1926 1975 1973 substituendos
2005 1940 2112 1971 esse
2144 1932 2298 1988 putat,
2330 1932 2381 1972 ut

266 2001 323 2047 iis
344 2015 445 2063 res,
482 2016 614 2063 quae
625 2001 709 2048 sub
723 1998 885 2077 judice
918 2007 1004 2060 est,
1037 2002 1343 2064 adjudicetur,
1375 2003 1423 2049 id
1454 1990 1558 2049 mihi
1590 2004 1731 2051 multo
1763 2007 1908 2050 minus
1940 2001 2204 2065 persuadet.
2269 2002 2380 2049 Sci—

266 2076 381 2125 licet
421 2080 627 2151 propter
665 2075 713 2124 id
753 2074 923 2140 ipsum,
981 2076 1103 2141 quod
1144 2084 1272 2126 tanta
1314 2094 1426 2126 cura
1488 2085 1677 2142 arteque
1719 2082 1866 2127 ornati
1909 2083 2013 2125 sunt
2054 2080 2241 2137 mortui,
2291 2076 2381 2125 Vir

268 2155 461 2234 optimus
520 2143 877 2212 οόιιιιιιίιῠεῐιιι,
918 2160 968 2199 ut
1030 2150 1091 2201 ad
1137 2154 1440 2201 Allemannos
1487 2171 1573 2202 nos
1635 2155 1845 2216 ableget,
1910 2170 2023 2217 quos
2074 2156 2382 2201 mansuetiore

267 2227 413 2276 animo
443 2225 683 2292 praeditos
714 2224 1021 2292 pietatisque
1018 2239 1078 2277 'et
1108 2228 1396 2278 humanitatis
1429 2230 1581 2307 studio
1615 2236 1827 2279 incensos
1859 2238 1995 2292 atque
2027 2230 2206 2294 pulchri
2240 2246 2378 2278 sensu

265 2307 355 2353 non
387 2302 603 2353 mediocri
647 2304 834 2364 ductos,
879 2311 1010 2368 quum
1043 2301 1369 2365 Germanorum
1411 2323 1470 2356 ex
1483 2305 1615 2355 aliis
1660 2310 1705 2354 in
1752 2307 1869 2356 alias
1916 2304 2054 2356 sedes
2095 2306 2377 2371 migrantium

264 2382 446 2430 fervor
468 2376 658 2429 sedatus
705 2389 854 2442 esset,
902 2377 1039 2429 intra'¹
1062 2378 1222 2431 hicum
1262 2379 1561 2447 Rhenumque
1605 2382 1873 2431 consedisse
1928 2382 2377 2444 christianorumque

265 2474 401 2505 sacra
433 2458 670 2521 amplexos
703 2472 808 2504 esse
841 2459 1088 2505 contendit.
1123 2464 1173 2527 ²)
1238 2462 1305 2507 At
1336 2462 1476 2523 veliin
1506 2461 1587 2507 ille
1616 2466 1854 2523 percurrat
1887 2461 2135 2521 scriptores
2170 2464 2375 2524 veteres,

274 2686 276 2688 ,
324 2699 355 2748 ¹)
385 2699 438 2741 cf.
467 2700 640 2754 Allgem.
666 2673 846 2752 Zeitung
871 2665 1014 2752 hung.
1046 2667 1159 2741 1844.
1186 2699 1288 2739 Beil.
1319 2699 1408 2740 325.

288 2783 373 2835 μὶ.)
391 2785 633 2859 ιῖίὶκὶ..“α.ῖ·ρ.
660 2785 872 2829 anemuri
906 2786 1016 2831 huss
1036 2784 1166 2860 dicit=³
1195 2787 1309 2856 Mle.
1347 2784 1486 2857 demet
1518 2783 1715 2858 violnehr
1753 2785 1831 2825 aut·
1865 2786 1983 2824 einen
2008 2785 2261 2829 Vollnstnmm
2287 2785 2379 2825 mil-

344 2847 2221 2965 2⁶²ffl⁸fflu⁹m¹ezzffisffiewffi⁶Am&
2241 2849 2380 2949 ,ἴεὶῒι

320 2984 323 2989 ·
382 2972 503 3012 ’κω
521 2972 784 3014 Wohnsitz·
788 2970 986 3016 manuhe
1010 2969 1280 3034 ευπάιιιιζῑιι.
1282 2973 1367 3014 des
1395 2972 1697 3013 christanum
1721 2971 1906 3019 anatha.
1960 2971 2116 3013 moses
2142 2972 2257 3014 Volk
2283 2973 2381 3012 aber

390 3034 506 3081 kann
517 3035 655 3075 latim
670 3038 760 3078 ἡ
758 3036 963 3089 ἀιάιὴοι
974 3037 1075 3078 “als
1068 3034 1158 3077 dns
1182 3036 1258 3075 der
1273 3034 1545 3076 Alcmana-n
1556 3044 1760 3088 guwosen
1785 3037 1890 3075 sein.
