<?xml version="1.0" encoding="UTF-8"?>
<!DOCTYPE html PUBLIC "-//W3C//DTD XHTML 1.0 Transitional//EN"
    "http://www.w3.org/TR/xhtml1/DTD/xhtml1-transitional.dtd">
<html xmlns="http://www.w3.org/1999/xhtml" xml:lang="en" lang="en">
 <head>
  <title>
</title>
<meta http-equiv="Content-Type" content="text/html;charset=utf-8" />
  <meta name='ocr-system' content='tesseract 3.04.00' />
  <meta name='ocr-capabilities' content='ocr_page ocr_carea ocr_par ocr_line ocrx_word'/>
</head>
<body>
  <div class='ocr_page' id='page_1' title='image "4764151_0016.png"; bbox 0 0 2645 3240; ppageno 0'>
   <div class='ocr_carea' id='block_1_1' title="bbox 1339 94 1374 146">
    <p class='ocr_par' dir='ltr' id='par_1_1' title="bbox 1339 94 1374 146">
     <span class='ocr_line' id='line_1_1' title="bbox 1339 94 1374 146; baseline 0 0"><span class='ocrx_word' id='word_1_1' title='bbox 1339 94 1374 146; x_wconf 82' lang='lat'><strong>2</strong></span> 
     </span>
    </p>
   </div>
   <div class='ocr_carea' id='block_1_2' title="bbox 1220 158 1489 167">
    <p class='ocr_par' dir='ltr' id='par_1_2' title="bbox 1220 158 1489 167">
     <span class='ocr_line' id='line_1_2' title="bbox 1220 158 1489 167; baseline 0 3073"><span class='ocrx_word' id='word_1_2' title='bbox 1220 158 1489 167; x_wconf 95' lang='lat' dir='ltr'><strong> </strong></span> 
     </span>
    </p>
   </div>
   <div class='ocr_carea' id='block_1_3' title="bbox 288 240 2467 3085">
    <p class='ocr_par' dir='ltr' id='par_1_3' title="bbox 288 240 2422 1190">
     <span class='ocr_line' id='line_1_3' title="bbox 288 240 2417 307; baseline 0.002 -18"><span class='ocrx_word' id='word_1_3' title='bbox 288 243 630 302; x_wconf 85' lang='lat' dir='ltr'><strong>studiorumque</strong></span> <span class='ocrx_word' id='word_1_4' title='bbox 683 257 881 288; x_wconf 89' lang='lat' dir='ltr'><strong>meorum</strong></span> <span class='ocrx_word' id='word_1_5' title='bbox 934 242 1111 285; x_wconf 88' lang='lat' dir='ltr'><strong>ratione</strong></span> <span class='ocrx_word' id='word_1_6' title='bbox 1160 240 1253 285; x_wconf 90' lang='lat' dir='ltr'><strong>alio</strong></span> <span class='ocrx_word' id='word_1_7' title='bbox 1300 241 1533 297; x_wconf 82' lang='lat' dir='ltr'><strong>vocabar,</strong></span> <span class='ocrx_word' id='word_1_8' title='bbox 1593 248 1742 288; x_wconf 86' lang='lat' dir='ltr'><strong>tamen</strong></span> <span class='ocrx_word' id='word_1_9' title='bbox 1784 258 1955 290; x_wconf 89' lang='lat' dir='ltr'><strong>causae</strong></span> <span class='ocrx_word' id='word_1_10' title='bbox 1999 246 2194 307; x_wconf 80' lang='lat' dir='ltr'>optimae</span> <span class='ocrx_word' id='word_1_11' title='bbox 2247 246 2417 295; x_wconf 83' lang='lat' dir='ltr'><strong>deesse</strong></span> 
     </span>
     <span class='ocr_line' id='line_1_4' title="bbox 289 315 2417 379; baseline 0.002 -17"><span class='ocrx_word' id='word_1_12' title='bbox 289 319 414 364; x_wconf 91' lang='lat' dir='ltr'><strong>nolui</strong></span> <span class='ocrx_word' id='word_1_13' title='bbox 448 323 698 379; x_wconf 88' lang='lat' dir='ltr'><strong>propterea</strong></span> <span class='ocrx_word' id='word_1_14' title='bbox 739 316 860 378; x_wconf 92' lang='lat' dir='ltr'><strong>quod</strong></span> <span class='ocrx_word' id='word_1_15' title='bbox 902 331 930 359; x_wconf 89' lang='lat' dir='ltr'><strong>a</strong></span> <span class='ocrx_word' id='word_1_16' title='bbox 974 330 1043 360; x_wconf 90' lang='lat' dir='ltr'><strong>me</strong></span> <span class='ocrx_word' id='word_1_17' title='bbox 1087 316 1195 374; x_wconf 88' lang='lat' dir='ltr'><strong>jure</strong></span> <span class='ocrx_word' id='word_1_18' title='bbox 1240 315 1463 376; x_wconf 89' lang='lat' dir='ltr'><strong>postulari</strong></span> <span class='ocrx_word' id='word_1_19' title='bbox 1511 331 1652 378; x_wconf 90' lang='lat' dir='ltr'><strong>posse</strong></span> <span class='ocrx_word' id='word_1_20' title='bbox 1693 317 1963 378; x_wconf 84' lang='lat' dir='ltr'><strong>videbatur,</strong></span> <span class='ocrx_word' id='word_1_21' title='bbox 2025 327 2075 366; x_wconf 91' lang='lat' dir='ltr'><strong>ut</strong></span> <span class='ocrx_word' id='word_1_22' title='bbox 2117 321 2176 367; x_wconf 90' lang='lat' dir='ltr'><strong>de</strong></span> <span class='ocrx_word' id='word_1_23' title='bbox 2224 335 2281 367; x_wconf 88' lang='lat' dir='ltr'><strong>ea</strong></span> <span class='ocrx_word' id='word_1_24' title='bbox 2327 321 2417 366; x_wconf 83' lang='lat' dir='ltr'><strong>ali-</strong></span> 
     </span>
     <span class='ocr_line' id='line_1_5' title="bbox 292 390 2413 454; baseline 0.001 -16"><span class='ocrx_word' id='word_1_25' title='bbox 292 394 400 454; x_wconf 88' lang='lat' dir='ltr'><strong>quid</strong></span> <span class='ocrx_word' id='word_1_26' title='bbox 432 393 693 439; x_wconf 82' lang='lat' dir='ltr'><strong>scriberem.</strong></span> <span class='ocrx_word' id='word_1_27' title='bbox 767 393 822 438; x_wconf 82' lang='grc'><strong>111</strong></span> <span class='ocrx_word' id='word_1_28' title='bbox 871 393 984 437; x_wconf 91' lang='lat' dir='ltr'><strong>enim</strong></span> <span class='ocrx_word' id='word_1_29' title='bbox 1030 393 1226 436; x_wconf 91' lang='lat' dir='ltr'><strong>muneris</strong></span> <span class='ocrx_word' id='word_1_30' title='bbox 1274 406 1407 451; x_wconf 93' lang='lat' dir='ltr'><strong>quum</strong></span> <span class='ocrx_word' id='word_1_31' title='bbox 1438 390 1541 436; x_wconf 90' lang='lat' dir='ltr'><strong>mihi</strong></span> <span class='ocrx_word' id='word_1_32' title='bbox 1577 393 1825 451; x_wconf 81' lang='lat' dir='ltr'><strong>injunctum</strong></span> <span class='ocrx_word' id='word_1_33' title='bbox 1863 402 2016 454; x_wconf 88' lang='lat' dir='ltr'><strong>esset,</strong></span> <span class='ocrx_word' id='word_1_34' title='bbox 2049 403 2098 443; x_wconf 91' lang='lat' dir='ltr'><strong>ut</strong></span> <span class='ocrx_word' id='word_1_35' title='bbox 2132 412 2231 443; x_wconf 92' lang='lat' dir='ltr'><strong>cum</strong></span> <span class='ocrx_word' id='word_1_36' title='bbox 2268 395 2413 444; x_wconf 82' lang='lat' dir='ltr'><strong>Clem.</strong></span> 
     </span>
     <span class='ocr_line' id='line_1_6' title="bbox 290 467 2417 534; baseline 0.001 -19"><span class='ocrx_word' id='word_1_37' title='bbox 290 470 525 530; x_wconf 67' lang='lat' dir='ltr'><strong>Fezyelio,</strong></span> <span class='ocrx_word' id='word_1_38' title='bbox 560 469 815 514; x_wconf 85' lang='lat' dir='ltr'><strong>architecto</strong></span> <span class='ocrx_word' id='word_1_39' title='bbox 849 467 1194 523; x_wconf 85' lang='lat' dir='ltr'><strong>honestissimo,</strong></span> <span class='ocrx_word' id='word_1_40' title='bbox 1246 469 1320 526; x_wconf 94' lang='lat' dir='ltr'><strong>qui</strong></span> <span class='ocrx_word' id='word_1_41' title='bbox 1361 473 1451 511; x_wconf 91' lang='lat' dir='ltr'><strong>tum</strong></span> <span class='ocrx_word' id='word_1_42' title='bbox 1498 468 1643 513; x_wconf 90' lang='lat' dir='ltr'><strong>solum</strong></span> <span class='ocrx_word' id='word_1_43' title='bbox 1685 470 1729 513; x_wconf 91' lang='lat' dir='ltr'><strong>in</strong></span> <span class='ocrx_word' id='word_1_44' title='bbox 1772 471 1943 515; x_wconf 85' lang='lat' dir='ltr'><strong>vicinia</strong></span> <span class='ocrx_word' id='word_1_45' title='bbox 1973 471 2317 534; x_wconf 79' lang='lat' dir='ltr'><strong>Nordendorpi</strong></span> <span class='ocrx_word' id='word_1_46' title='bbox 2355 470 2417 518; x_wconf 89' lang='lat' dir='ltr'><strong>ad</strong></span> 
     </span>
     <span class='ocr_line' id='line_1_7' title="bbox 292 543 2418 609; baseline 0.002 -20"><span class='ocrx_word' id='word_1_47' title='bbox 292 547 413 590; x_wconf 69' lang='lat' dir='ltr'><strong>viam</strong></span> <span class='ocrx_word' id='word_1_48' title='bbox 444 543 568 588; x_wconf 86' lang='lat' dir='ltr'><strong>ferro</strong></span> <span class='ocrx_word' id='word_1_49' title='bbox 610 544 900 589; x_wconf 77' lang='lat' dir='ltr'><strong>sternendam</strong></span> <span class='ocrx_word' id='word_1_50' title='bbox 932 557 1215 604; x_wconf 89' lang='lat' dir='ltr'><strong>praeparans</strong></span> <span class='ocrx_word' id='word_1_51' title='bbox 1258 544 1401 604; x_wconf 89' lang='lat' dir='ltr'><strong>prima</strong></span> <span class='ocrx_word' id='word_1_52' title='bbox 1433 550 1648 590; x_wconf 79' lang='lat' dir='ltr'><strong>vetustae</strong></span> <span class='ocrx_word' id='word_1_53' title='bbox 1681 545 1792 589; x_wconf 89' lang='lat' dir='ltr'><strong>artis</strong></span> <span class='ocrx_word' id='word_1_54' title='bbox 1827 543 2108 606; x_wconf 83' lang='lat' dir='ltr'><strong>fragmenta,</strong></span> <span class='ocrx_word' id='word_1_55' title='bbox 2156 562 2272 609; x_wconf 84' lang='lat' dir='ltr'><strong>quae</strong></span> <span class='ocrx_word' id='word_1_56' title='bbox 2304 562 2418 594; x_wconf 90' lang='lat' dir='ltr'><strong>casu</strong></span> 
     </span>
     <span class='ocr_line' id='line_1_8' title="bbox 291 619 2417 681; baseline 0.002 -17"><span class='ocrx_word' id='word_1_57' title='bbox 291 626 339 664; x_wconf 87' lang='lat' dir='ltr'><strong>et</strong></span> <span class='ocrx_word' id='word_1_58' title='bbox 371 619 561 664; x_wconf 87' lang='lat' dir='ltr'><strong>fortuito</strong></span> <span class='ocrx_word' id='word_1_59' title='bbox 595 620 766 664; x_wconf 80' lang='lat' dir='ltr'><strong>effossa</strong></span> <span class='ocrx_word' id='word_1_60' title='bbox 817 624 970 674; x_wconf 89' lang='lat' dir='ltr'><strong>erant,</strong></span> <span class='ocrx_word' id='word_1_61' title='bbox 1024 619 1082 663; x_wconf 93' lang='lat' dir='ltr'><strong>ab</strong></span> <span class='ocrx_word' id='word_1_62' title='bbox 1130 620 1312 681; x_wconf 86' lang='lat' dir='ltr'><strong>interitu</strong></span> <span class='ocrx_word' id='word_1_63' title='bbox 1354 624 1569 664; x_wconf 88' lang='lat' dir='ltr'><strong>servarat</strong></span> <span class='ocrx_word' id='word_1_64' title='bbox 1601 620 1902 679; x_wconf 82' lang='lat' dir='ltr'><strong>societatique</strong></span> <span class='ocrx_word' id='word_1_65' title='bbox 1953 619 2201 668; x_wconf 81' lang='lat' dir='ltr'><strong>historicae</strong></span> <span class='ocrx_word' id='word_1_66' title='bbox 2244 623 2417 668; x_wconf 86' lang='lat' dir='ltr'><strong>libera-</strong></span> 
     </span>
     <span class='ocr_line' id='line_1_9' title="bbox 293 694 2418 755; baseline 0.002 -18"><span class='ocrx_word' id='word_1_67' title='bbox 293 694 465 738; x_wconf 87' lang='lat' dir='ltr'><strong>lissime</strong></span> <span class='ocrx_word' id='word_1_68' title='bbox 513 696 808 754; x_wconf 84' lang='lat' dir='ltr'><strong>promiserat,</strong></span> <span class='ocrx_word' id='word_1_69' title='bbox 855 709 908 739; x_wconf 90' lang='lat' dir='ltr'><strong>se</strong></span> <span class='ocrx_word' id='word_1_70' title='bbox 950 696 1157 754; x_wconf 82' lang='lat' dir='ltr'><strong>vestigia</strong></span> <span class='ocrx_word' id='word_1_71' title='bbox 1190 695 1469 753; x_wconf 79' lang='lat' dir='ltr'><strong>antiquitatis</strong></span> <span class='ocrx_word' id='word_1_72' title='bbox 1519 708 1626 739; x_wconf 81' lang='lat' dir='ltr'><strong>esse</strong></span> <span class='ocrx_word' id='word_1_73' title='bbox 1658 701 2025 755; x_wconf 86' lang='lat' dir='ltr'><strong>persecuturum,</strong></span> <span class='ocrx_word' id='word_1_74' title='bbox 2075 699 2116 740; x_wconf 89' lang='lat' dir='ltr'><strong>si</strong></span> <span class='ocrx_word' id='word_1_75' title='bbox 2157 703 2329 742; x_wconf 84' lang='lat' dir='ltr'><strong>sumtus</strong></span> <span class='ocrx_word' id='word_1_76' title='bbox 2372 698 2418 742; x_wconf 88' lang='lat' dir='ltr'><strong>in</strong></span> 
     </span>
     <span class='ocr_line' id='line_1_10' title="bbox 294 768 2418 831; baseline 0.002 -17"><span class='ocrx_word' id='word_1_77' title='bbox 294 785 463 830; x_wconf 88' lang='lat' dir='ltr'><strong>operas</strong></span> <span class='ocrx_word' id='word_1_78' title='bbox 497 769 698 816; x_wconf 88' lang='lat' dir='ltr'><strong>faciendi</strong></span> <span class='ocrx_word' id='word_1_79' title='bbox 745 769 1167 831; x_wconf 80' lang='lat' dir='ltr'><strong>suppeditarentur,</strong></span> <span class='ocrx_word' id='word_1_80' title='bbox 1218 784 1334 829; x_wconf 82' lang='lat' dir='ltr'><strong>quae</strong></span> <span class='ocrx_word' id='word_1_81' title='bbox 1377 768 1437 813; x_wconf 88' lang='lat' dir='ltr'><strong>ad</strong></span> <span class='ocrx_word' id='word_1_82' title='bbox 1481 783 1573 814; x_wconf 91' lang='lat' dir='ltr'><strong>rem</strong></span> <span class='ocrx_word' id='word_1_83' title='bbox 1607 784 1722 830; x_wconf 90' lang='lat' dir='ltr'><strong>opus</strong></span> <span class='ocrx_word' id='word_1_84' title='bbox 1758 775 1915 816; x_wconf 87' lang='lat' dir='ltr'><strong>essent</strong></span> <span class='ocrx_word' id='word_1_85' title='bbox 1958 772 2002 815; x_wconf 92' lang='lat' dir='ltr'><strong>in</strong></span> <span class='ocrx_word' id='word_1_86' title='bbox 2046 784 2162 830; x_wconf 82' lang='lat' dir='ltr'><strong>agro</strong></span> <span class='ocrx_word' id='word_1_87' title='bbox 2194 771 2418 819; x_wconf 83' lang='lat' dir='ltr'><strong>Norden-</strong></span> 
     </span>
     <span class='ocr_line' id='line_1_11' title="bbox 295 843 2419 906; baseline 0.002 -17"><span class='ocrx_word' id='word_1_88' title='bbox 295 845 512 905; x_wconf 87' lang='lat' dir='ltr'><strong>dorpensi</strong></span> <span class='ocrx_word' id='word_1_89' title='bbox 547 846 646 906; x_wconf 90' lang='lat' dir='ltr'><strong>ipso</strong></span> <span class='ocrx_word' id='word_1_90' title='bbox 680 847 958 890; x_wconf 87' lang='lat' dir='ltr'><strong>instituerem</strong></span> <span class='ocrx_word' id='word_1_91' title='bbox 994 859 1201 903; x_wconf 83' lang='lat' dir='ltr'><strong>quaeque</strong></span> <span class='ocrx_word' id='word_1_92' title='bbox 1235 858 1295 888; x_wconf 89' lang='lat' dir='ltr'><strong>ex</strong></span> <span class='ocrx_word' id='word_1_93' title='bbox 1338 843 1527 888; x_wconf 88' lang='lat' dir='ltr'><strong>infernis</strong></span> <span class='ocrx_word' id='word_1_94' title='bbox 1567 846 1698 903; x_wconf 87' lang='lat' dir='ltr'><strong>quasi</strong></span> <span class='ocrx_word' id='word_1_95' title='bbox 1730 845 1929 889; x_wconf 89' lang='lat' dir='ltr'><strong>tenebris</strong></span> <span class='ocrx_word' id='word_1_96' title='bbox 1963 853 2249 905; x_wconf 80' lang='lat' dir='ltr'><strong>emergerent</strong></span> <span class='ocrx_word' id='word_1_97' title='bbox 2280 852 2419 893; x_wconf 87' lang='lat' dir='ltr'><strong>vetu-</strong></span> 
     </span>
     <span class='ocr_line' id='line_1_12' title="bbox 295 919 2422 979; baseline 0.002 -17"><span class='ocrx_word' id='word_1_98' title='bbox 295 922 430 963; x_wconf 83' lang='lat' dir='ltr'><strong>statis</strong></span> <span class='ocrx_word' id='word_1_99' title='bbox 462 933 606 979; x_wconf 92' lang='lat' dir='ltr'><strong>opera</strong></span> <span class='ocrx_word' id='word_1_100' title='bbox 650 920 917 979; x_wconf 84' lang='lat' dir='ltr'><strong>colligerem</strong></span> <span class='ocrx_word' id='word_1_101' title='bbox 979 919 1271 978; x_wconf 88' lang='lat' dir='ltr'><strong>collectaque</strong></span> <span class='ocrx_word' id='word_1_102' title='bbox 1323 922 1366 962; x_wconf 91' lang='lat' dir='ltr'><strong>in</strong></span> <span class='ocrx_word' id='word_1_103' title='bbox 1399 919 1714 977; x_wconf 88' lang='lat' dir='ltr'><strong>Antiquarium</strong></span> <span class='ocrx_word' id='word_1_104' title='bbox 1748 920 2066 978; x_wconf 87' lang='lat' dir='ltr'><strong>Augustanum</strong></span> <span class='ocrx_word' id='word_1_105' title='bbox 2099 921 2422 966; x_wconf 87' lang='lat' dir='ltr'><strong>transferenda</strong></span> 
     </span>
     <span class='ocr_line' id='line_1_13' title="bbox 296 994 2419 1053; baseline 0.001 -15"><span class='ocrx_word' id='word_1_106' title='bbox 296 1008 525 1047; x_wconf 84' lang='lat' dir='ltr'><strong>curarem,</strong></span> <span class='ocrx_word' id='word_1_107' title='bbox 567 1009 654 1038; x_wconf 92' lang='lat' dir='ltr'><strong>non</strong></span> <span class='ocrx_word' id='word_1_108' title='bbox 689 994 834 1038; x_wconf 86' lang='lat' dir='ltr'><strong>solum</strong></span> <span class='ocrx_word' id='word_1_109' title='bbox 868 996 985 1037; x_wconf 85' lang='lat' dir='ltr'><strong>intra</strong></span> <span class='ocrx_word' id='word_1_110' title='bbox 1027 996 1237 1053; x_wconf 87' lang='lat' dir='ltr'><strong>privatos</strong></span> <span class='ocrx_word' id='word_1_111' title='bbox 1271 995 1470 1053; x_wconf 84' lang='lat' dir='ltr'><strong>parietes</strong></span> <span class='ocrx_word' id='word_1_112' title='bbox 1504 995 1582 1049; x_wconf 90' lang='lat' dir='ltr'><strong>iis,</strong></span> <span class='ocrx_word' id='word_1_113' title='bbox 1622 996 1696 1053; x_wconf 91' lang='lat' dir='ltr'><strong>qui</strong></span> <span class='ocrx_word' id='word_1_114' title='bbox 1730 1009 1800 1039; x_wconf 92' lang='lat' dir='ltr'><strong>me</strong></span> <span class='ocrx_word' id='word_1_115' title='bbox 1833 996 2072 1050; x_wconf 83' lang='lat' dir='ltr'><strong>miserant,</strong></span> <span class='ocrx_word' id='word_1_116' title='bbox 2117 995 2202 1040; x_wconf 91' lang='lat' dir='ltr'><strong>sed</strong></span> <span class='ocrx_word' id='word_1_117' title='bbox 2235 995 2419 1040; x_wconf 86' lang='lat' dir='ltr'><strong>littera-</strong></span> 
     </span>
     <span class='ocr_line' id='line_1_14' title="bbox 298 1067 2419 1129; baseline 0.002 -17"><span class='ocrx_word' id='word_1_118' title='bbox 298 1084 393 1113; x_wconf 90' lang='lat' dir='ltr'><strong>rum</strong></span> <span class='ocrx_word' id='word_1_119' title='bbox 429 1082 571 1113; x_wconf 89' lang='lat' dir='ltr'><strong>causa</strong></span> <span class='ocrx_word' id='word_1_120' title='bbox 603 1068 752 1129; x_wconf 87' lang='lat' dir='ltr'><strong>palam</strong></span> <span class='ocrx_word' id='word_1_121' title='bbox 787 1073 833 1114; x_wconf 92' lang='lat' dir='ltr'><strong>et</strong></span> <span class='ocrx_word' id='word_1_122' title='bbox 863 1076 1023 1129; x_wconf 90' lang='lat' dir='ltr'><strong>aperte</strong></span> <span class='ocrx_word' id='word_1_123' title='bbox 1055 1071 1274 1114; x_wconf 89' lang='lat' dir='ltr'><strong>rationem</strong></span> <span class='ocrx_word' id='word_1_124' title='bbox 1309 1067 1505 1114; x_wconf 85' lang='lat' dir='ltr'><strong>reddere</strong></span> <span class='ocrx_word' id='word_1_125' title='bbox 1539 1067 1784 1126; x_wconf 86' lang='lat' dir='ltr'><strong>debebam,</strong></span> <span class='ocrx_word' id='word_1_126' title='bbox 1835 1083 1924 1128; x_wconf 91' lang='lat' dir='ltr'><strong>quo</strong></span> <span class='ocrx_word' id='word_1_127' title='bbox 1957 1068 2092 1115; x_wconf 89' lang='lat' dir='ltr'><strong>modo</strong></span> <span class='ocrx_word' id='word_1_128' title='bbox 2128 1069 2283 1116; x_wconf 82' lang='lat' dir='ltr'><strong>officio</strong></span> <span class='ocrx_word' id='word_1_129' title='bbox 2318 1084 2419 1116; x_wconf 89' lang='lat' dir='ltr'><strong>meo</strong></span> 
     </span>
     <span class='ocr_line' id='line_1_15' title="bbox 297 1143 737 1190; baseline 0.002 -2"><span class='ocrx_word' id='word_1_130' title='bbox 297 1143 541 1189; x_wconf 80' lang='lat' dir='ltr'><strong>defunctus</strong></span> <span class='ocrx_word' id='word_1_131' title='bbox 575 1158 737 1190; x_wconf 89' lang='lat' dir='ltr'><strong>essem.</strong></span> 
     </span>
    </p>

    <p class='ocr_par' dir='ltr' id='par_1_4' title="bbox 296 1218 2421 1578">
     <span class='ocr_line' id='line_1_16' title="bbox 419 1218 2420 1280; baseline 0 -17"><span class='ocrx_word' id='word_1_132' title='bbox 419 1220 486 1263; x_wconf 91' lang='lat' dir='ltr'><strong>At</strong></span> <span class='ocrx_word' id='word_1_133' title='bbox 529 1226 660 1263; x_wconf 90' lang='lat' dir='ltr'><strong>erant</strong></span> <span class='ocrx_word' id='word_1_134' title='bbox 703 1234 820 1279; x_wconf 92' lang='lat' dir='ltr'><strong>quae</strong></span> <span class='ocrx_word' id='word_1_135' title='bbox 862 1234 933 1264; x_wconf 90' lang='grc'><strong>1116</strong></span> <span class='ocrx_word' id='word_1_136' title='bbox 987 1224 1078 1263; x_wconf 86' lang='lat' dir='ltr'><strong>tum</strong></span> <span class='ocrx_word' id='word_1_137' title='bbox 1120 1218 1409 1280; x_wconf 90' lang='lat' dir='ltr'><strong>impedirent,</strong></span> <span class='ocrx_word' id='word_1_138' title='bbox 1462 1219 1695 1279; x_wconf 89' lang='lat' dir='ltr'><strong>quominus</strong></span> <span class='ocrx_word' id='word_1_139' title='bbox 1738 1218 1859 1279; x_wconf 88' lang='lat' dir='ltr'><strong>quod</strong></span> <span class='ocrx_word' id='word_1_140' title='bbox 1891 1233 2062 1264; x_wconf 88' lang='lat' dir='ltr'><strong>mecum</strong></span> <span class='ocrx_word' id='word_1_141' title='bbox 2096 1222 2420 1265; x_wconf 77' lang='lat' dir='ltr'><strong>constItueram</strong></span> 
     </span>
     <span class='ocr_line' id='line_1_17' title="bbox 296 1293 2420 1354; baseline 0.002 -18"><span class='ocrx_word' id='word_1_142' title='bbox 296 1296 446 1337; x_wconf 87' lang='lat' dir='ltr'><strong>statim</strong></span> <span class='ocrx_word' id='word_1_143' title='bbox 499 1308 794 1354; x_wconf 86' lang='lat' dir='ltr'><strong>exsequerer.</strong></span> <span class='ocrx_word' id='word_1_144' title='bbox 891 1294 1067 1349; x_wconf 84' lang='lat' dir='ltr'><strong>Quodsi</strong></span> <span class='ocrx_word' id='word_1_145' title='bbox 1125 1308 1243 1337; x_wconf 90' lang='lat' dir='ltr'><strong>nunc</strong></span> <span class='ocrx_word' id='word_1_146' title='bbox 1305 1293 1480 1337; x_wconf 89' lang='lat' dir='ltr'><strong>demum</strong></span> <span class='ocrx_word' id='word_1_147' title='bbox 1536 1295 1597 1339; x_wconf 89' lang='lat' dir='ltr'><strong>ad</strong></span> <span class='ocrx_word' id='word_1_148' title='bbox 1659 1294 1944 1338; x_wconf 88' lang='lat' dir='ltr'><strong>scribendum</strong></span> <span class='ocrx_word' id='word_1_149' title='bbox 2006 1294 2278 1354; x_wconf 87' lang='lat' dir='ltr'><strong>aggredior,</strong></span> <span class='ocrx_word' id='word_1_150' title='bbox 2330 1294 2420 1340; x_wconf 88' lang='lat' dir='ltr'><strong>hoc</strong></span> 
     </span>
     <span class='ocr_line' id='line_1_18' title="bbox 296 1367 2421 1429; baseline 0.001 -17"><span class='ocrx_word' id='word_1_151' title='bbox 296 1383 501 1413; x_wconf 89' lang='lat' dir='ltr'><strong>moneam</strong></span> <span class='ocrx_word' id='word_1_152' title='bbox 535 1376 641 1413; x_wconf 87' lang='lat' dir='ltr'><strong>ante</strong></span> <span class='ocrx_word' id='word_1_153' title='bbox 675 1372 823 1414; x_wconf 88' lang='lat' dir='ltr'><strong>omnia</strong></span> <span class='ocrx_word' id='word_1_154' title='bbox 856 1384 1052 1414; x_wconf 87' lang='lat' dir='ltr'><strong>necesse</strong></span> <span class='ocrx_word' id='word_1_155' title='bbox 1087 1375 1179 1423; x_wconf 89' lang='lat' dir='ltr'><strong>est,</strong></span> <span class='ocrx_word' id='word_1_156' title='bbox 1227 1383 1297 1413; x_wconf 88' lang='lat' dir='ltr'><strong>me</strong></span> <span class='ocrx_word' id='word_1_157' title='bbox 1331 1383 1419 1412; x_wconf 93' lang='lat' dir='ltr'><strong>non</strong></span> <span class='ocrx_word' id='word_1_158' title='bbox 1452 1367 1499 1412; x_wconf 88' lang='lat' dir='ltr'><strong>id</strong></span> <span class='ocrx_word' id='word_1_159' title='bbox 1532 1384 1663 1413; x_wconf 88' lang='lat' dir='ltr'><strong>uuum</strong></span> <span class='ocrx_word' id='word_1_160' title='bbox 1698 1374 1900 1413; x_wconf 89' lang='lat' dir='ltr'><strong>acturum</strong></span> <span class='ocrx_word' id='word_1_161' title='bbox 1933 1383 2064 1425; x_wconf 90' lang='lat' dir='ltr'><strong>esse,</strong></span> <span class='ocrx_word' id='word_1_162' title='bbox 2106 1375 2154 1415; x_wconf 92' lang='lat' dir='ltr'><strong>ut</strong></span> <span class='ocrx_word' id='word_1_163' title='bbox 2199 1369 2305 1429; x_wconf 90' lang='lat' dir='ltr'><strong>quid</strong></span> <span class='ocrx_word' id='word_1_164' title='bbox 2338 1369 2421 1414; x_wconf 89' lang='lat' dir='ltr'><strong>alii</strong></span> 
     </span>
     <span class='ocr_line' id='line_1_19' title="bbox 297 1442 2417 1504; baseline 0.001 -18"><span class='ocrx_word' id='word_1_165' title='bbox 297 1442 356 1488; x_wconf 92' lang='lat' dir='ltr'><strong>de</strong></span> <span class='ocrx_word' id='word_1_166' title='bbox 390 1443 733 1503; x_wconf 79' lang='lat' dir='ltr'><strong>antiquitatibus</strong></span> <span class='ocrx_word' id='word_1_167' title='bbox 775 1446 944 1489; x_wconf 89' lang='lat' dir='ltr'><strong>nostris</strong></span> <span class='ocrx_word' id='word_1_168' title='bbox 988 1445 1186 1488; x_wconf 85' lang='lat' dir='ltr'><strong>sentiant</strong></span> <span class='ocrx_word' id='word_1_169' title='bbox 1250 1457 1483 1499; x_wconf 83' lang='lat' dir='ltr'><strong>enarrem,</strong></span> <span class='ocrx_word' id='word_1_170' title='bbox 1538 1442 1624 1487; x_wconf 89' lang='lat' dir='ltr'><strong>sed</strong></span> <span class='ocrx_word' id='word_1_171' title='bbox 1682 1444 1816 1487; x_wconf 91' lang='lat' dir='ltr'><strong>etiam</strong></span> <span class='ocrx_word' id='word_1_172' title='bbox 1849 1458 1991 1488; x_wconf 90' lang='lat' dir='ltr'><strong>meum</strong></span> <span class='ocrx_word' id='word_1_173' title='bbox 2024 1445 2165 1504; x_wconf 76' lang='lat' dir='ltr'><strong>ipsIus</strong></span> <span class='ocrx_word' id='word_1_174' title='bbox 2193 1442 2417 1503; x_wconf 90' lang='lat' dir='ltr'><strong>judicium</strong></span> 
     </span>
     <span class='ocr_line' id='line_1_20' title="bbox 299 1519 679 1578; baseline 0 -17"><span class='ocrx_word' id='word_1_175' title='bbox 299 1519 679 1578; x_wconf 89' lang='lat' dir='ltr'><strong>interpositurum.</strong></span> 
     </span>
    </p>

    <p class='ocr_par' dir='ltr' id='par_1_5' title="bbox 293 1591 2467 1954">
     <span class='ocr_line' id='line_1_21' title="bbox 416 1591 2420 1653; baseline 0 -15"><span class='ocrx_word' id='word_1_176' title='bbox 416 1593 478 1638; x_wconf 91' lang='lat' dir='ltr'><strong>Ut</strong></span> <span class='ocrx_word' id='word_1_177' title='bbox 512 1599 660 1638; x_wconf 92' lang='lat' dir='ltr'><strong>autem</strong></span> <span class='ocrx_word' id='word_1_178' title='bbox 695 1595 837 1638; x_wconf 89' lang='lat' dir='ltr'><strong>omnis</strong></span> <span class='ocrx_word' id='word_1_179' title='bbox 870 1607 972 1648; x_wconf 87' lang='lat' dir='ltr'><strong>res,</strong></span> <span class='ocrx_word' id='word_1_180' title='bbox 1008 1591 1066 1637; x_wconf 90' lang='lat' dir='ltr'><strong>de</strong></span> <span class='ocrx_word' id='word_1_181' title='bbox 1100 1608 1187 1653; x_wconf 89' lang='lat' dir='ltr'><strong>qua</strong></span> <span class='ocrx_word' id='word_1_182' title='bbox 1222 1594 1400 1652; x_wconf 90' lang='lat' dir='ltr'><strong>agitur,</strong></span> <span class='ocrx_word' id='word_1_183' title='bbox 1434 1594 1548 1636; x_wconf 87' lang='lat' dir='ltr'><strong>satis</strong></span> <span class='ocrx_word' id='word_1_184' title='bbox 1583 1591 1778 1651; x_wconf 84' lang='lat' dir='ltr'><strong>intelligi</strong></span> <span class='ocrx_word' id='word_1_185' title='bbox 1814 1592 1974 1651; x_wconf 88' lang='lat' dir='ltr'><strong>possit,</strong></span> <span class='ocrx_word' id='word_1_186' title='bbox 2006 1592 2145 1652; x_wconf 89' lang='lat' dir='ltr'><strong>paulo</strong></span> <span class='ocrx_word' id='word_1_187' title='bbox 2175 1592 2312 1638; x_wconf 90' lang='lat' dir='ltr'><strong>altius</strong></span> <span class='ocrx_word' id='word_1_188' title='bbox 2346 1601 2420 1638; x_wconf 90' lang='lat' dir='ltr'><strong>est</strong></span> 
     </span>
     <span class='ocr_line' id='line_1_22' title="bbox 297 1667 2420 1728; baseline 0 -16"><span class='ocrx_word' id='word_1_189' title='bbox 297 1667 606 1728; x_wconf 88' lang='lat' dir='ltr'><strong>repetendum.</strong></span> <span class='ocrx_word' id='word_1_190' title='bbox 673 1668 869 1713; x_wconf 90' lang='lat' dir='ltr'><strong>Primum</strong></span> <span class='ocrx_word' id='word_1_191' title='bbox 904 1670 1043 1728; x_wconf 90' lang='lat' dir='ltr'><strong>igitur</strong></span> <span class='ocrx_word' id='word_1_192' title='bbox 1077 1668 1135 1712; x_wconf 89' lang='lat' dir='ltr'><strong>de</strong></span> <span class='ocrx_word' id='word_1_193' title='bbox 1168 1668 1291 1724; x_wconf 88' lang='lat' dir='ltr'><strong>loco,</strong></span> <span class='ocrx_word' id='word_1_194' title='bbox 1326 1683 1415 1726; x_wconf 90' lang='lat' dir='ltr'><strong>quo</strong></span> <span class='ocrx_word' id='word_1_195' title='bbox 1448 1674 1732 1711; x_wconf 88' lang='lat' dir='ltr'><strong>monumenta</strong></span> <span class='ocrx_word' id='word_1_196' title='bbox 1764 1668 1948 1725; x_wconf 89' lang='lat' dir='ltr'><strong>antiqua</strong></span> <span class='ocrx_word' id='word_1_197' title='bbox 1980 1667 2163 1728; x_wconf 88' lang='lat' dir='ltr'><strong>sepulta</strong></span> <span class='ocrx_word' id='word_1_198' title='bbox 2183 1667 2420 1727; x_wconf 87' lang='lat' dir='ltr'><strong>jacebant,</strong></span> 
     </span>
     <span class='ocr_line' id='line_1_23' title="bbox 294 1742 2420 1805; baseline 0.001 -19"><span class='ocrx_word' id='word_1_199' title='bbox 294 1742 461 1787; x_wconf 89' lang='lat' dir='ltr'><strong>deinde</strong></span> <span class='ocrx_word' id='word_1_200' title='bbox 495 1742 553 1788; x_wconf 93' lang='lat' dir='ltr'><strong>de</strong></span> <span class='ocrx_word' id='word_1_201' title='bbox 587 1746 641 1787; x_wconf 89' lang='lat' dir='ltr'><strong>iis</strong></span> <span class='ocrx_word' id='word_1_202' title='bbox 676 1746 786 1805; x_wconf 90' lang='lat' dir='ltr'><strong>ipsis</strong></span> <span class='ocrx_word' id='word_1_203' title='bbox 821 1743 1067 1799; x_wconf 85' lang='lat' dir='ltr'><strong>disseram,</strong></span> <span class='ocrx_word' id='word_1_204' title='bbox 1101 1749 1190 1787; x_wconf 90' lang='lat' dir='ltr'><strong>tum</strong></span> <span class='ocrx_word' id='word_1_205' title='bbox 1221 1744 1588 1798; x_wconf 81' lang='lat' dir='ltr'><strong>controversias,</strong></span> <span class='ocrx_word' id='word_1_206' title='bbox 1639 1756 1755 1803; x_wconf 85' lang='lat' dir='ltr'><strong>quae</strong></span> <span class='ocrx_word' id='word_1_207' title='bbox 1788 1747 1892 1786; x_wconf 86' lang='lat' dir='ltr'><strong>suut</strong></span> <span class='ocrx_word' id='word_1_208' title='bbox 1924 1743 2042 1787; x_wconf 87' lang='lat' dir='ltr'><strong>inter</strong></span> <span class='ocrx_word' id='word_1_209' title='bbox 2074 1744 2203 1788; x_wconf 90' lang='lat' dir='ltr'><strong>viros</strong></span> <span class='ocrx_word' id='word_1_210' title='bbox 2254 1742 2420 1789; x_wconf 79' lang='lat' dir='ltr'><strong>doctos</strong></span> 
     </span>
     <span class='ocr_line' id='line_1_24' title="bbox 293 1816 2467 1880; baseline 0.001 -18"><span class='ocrx_word' id='word_1_211' title='bbox 293 1823 449 1874; x_wconf 87' lang='lat' dir='ltr'><strong>ortae,</strong></span> <span class='ocrx_word' id='word_1_212' title='bbox 504 1818 890 1875; x_wconf 88' lang='lat' dir='ltr'><strong>commemorabo,</strong></span> <span class='ocrx_word' id='word_1_213' title='bbox 967 1824 1198 1880; x_wconf 90' lang='lat' dir='ltr'><strong>postremo</strong></span> <span class='ocrx_word' id='word_1_214' title='bbox 1302 1817 1408 1878; x_wconf 86' lang='lat' dir='ltr'><strong>quid</strong></span> <span class='ocrx_word' id='word_1_215' title='bbox 1460 1816 1563 1862; x_wconf 90' lang='lat' dir='ltr'><strong>mihi</strong></span> <span class='ocrx_word' id='word_1_216' title='bbox 1606 1819 1649 1862; x_wconf 93' lang='lat' dir='ltr'><strong>in</strong></span> <span class='ocrx_word' id='word_1_217' title='bbox 1709 1822 1835 1862; x_wconf 91' lang='lat' dir='ltr'><strong>tanta</strong></span> <span class='ocrx_word' id='word_1_218' title='bbox 1880 1818 2137 1878; x_wconf 89' lang='lat' dir='ltr'><strong>opinionum</strong></span> <span class='ocrx_word' id='word_1_219' title='bbox 2191 1820 2421 1864; x_wconf 84' lang='lat' dir='ltr'><strong>varietate</strong></span> <span class='ocrx_word' id='word_1_220' title='bbox 2462 1870 2467 1874; x_wconf 34' lang='lat'><strong><em>¹</em></strong></span> 
     </span>
     <span class='ocr_line' id='line_1_25' title="bbox 293 1894 2310 1954; baseline -0.001 -15"><span class='ocrx_word' id='word_1_221' title='bbox 293 1894 664 1939; x_wconf 78' lang='lat' dir='ltr'><strong>verisimillimum</strong></span> <span class='ocrx_word' id='word_1_222' title='bbox 699 1894 914 1940; x_wconf 88' lang='lat' dir='ltr'><strong>videatur</strong></span> <span class='ocrx_word' id='word_1_223' title='bbox 946 1908 1051 1938; x_wconf 86' lang='lat' dir='ltr'><strong>esse</strong></span> <span class='ocrx_word' id='word_1_224' title='bbox 1085 1895 1363 1954; x_wconf 82' lang='lat' dir='ltr'><strong>argumentis</strong></span> <span class='ocrx_word' id='word_1_225' title='bbox 1394 1907 1421 1938; x_wconf 94' lang='lat' dir='ltr'><strong>e</strong></span> <span class='ocrx_word' id='word_1_226' title='bbox 1454 1907 1601 1938; x_wconf 90' lang='lat' dir='ltr'><strong>rerum</strong></span> <span class='ocrx_word' id='word_1_227' title='bbox 1635 1895 1848 1938; x_wconf 89' lang='lat' dir='ltr'><strong>memoria</strong></span> <span class='ocrx_word' id='word_1_228' title='bbox 1880 1894 2034 1954; x_wconf 87' lang='lat' dir='ltr'><strong>petitis</strong></span> <span class='ocrx_word' id='word_1_229' title='bbox 2068 1907 2310 1954; x_wconf 85' lang='lat' dir='ltr'><strong>exponam.</strong></span> 
     </span>
    </p>

    <p class='ocr_par' dir='ltr' id='par_1_6' title="bbox 292 1968 2421 2780">
     <span class='ocr_line' id='line_1_26' title="bbox 416 1968 2421 2030; baseline 0 -17"><span class='ocrx_word' id='word_1_230' title='bbox 416 1969 572 2028; x_wconf 92' lang='lat' dir='ltr'><strong>Atque</strong></span> <span class='ocrx_word' id='word_1_231' title='bbox 605 1983 720 2028; x_wconf 90' lang='lat' dir='ltr'><strong>ager</strong></span> <span class='ocrx_word' id='word_1_232' title='bbox 751 1968 1193 2029; x_wconf 87' lang='lat' dir='ltr'><strong>Nordendorpensis</strong></span> <span class='ocrx_word' id='word_1_233' title='bbox 1227 1971 1271 2013; x_wconf 90' lang='lat' dir='ltr'><strong>in</strong></span> <span class='ocrx_word' id='word_1_234' title='bbox 1306 1983 1564 2030; x_wconf 89' lang='lat' dir='ltr'><strong>camporum</strong></span> <span class='ocrx_word' id='word_1_235' title='bbox 1597 1970 1845 2029; x_wconf 89' lang='lat' dir='ltr'><strong>patentium</strong></span> <span class='ocrx_word' id='word_1_236' title='bbox 1878 1982 2080 2028; x_wconf 89' lang='lat' dir='ltr'><strong>aequore</strong></span> <span class='ocrx_word' id='word_1_237' title='bbox 2113 1970 2227 2014; x_wconf 90' lang='lat' dir='ltr'><strong>situs</strong></span> <span class='ocrx_word' id='word_1_238' title='bbox 2256 1974 2421 2014; x_wconf 88' lang='lat' dir='ltr'><strong>terram</strong></span> 
     </span>
     <span class='ocr_line' id='line_1_27' title="bbox 293 2043 2417 2104; baseline 0 -17"><span class='ocrx_word' id='word_1_239' title='bbox 293 2044 432 2088; x_wconf 85' lang='lat' dir='ltr'><strong>habet</strong></span> <span class='ocrx_word' id='word_1_240' title='bbox 464 2044 672 2088; x_wconf 85' lang='lat' dir='ltr'><strong>frumenti</strong></span> <span class='ocrx_word' id='word_1_241' title='bbox 707 2047 820 2088; x_wconf 88' lang='lat' dir='ltr'><strong>satis</strong></span> <span class='ocrx_word' id='word_1_242' title='bbox 853 2044 1078 2099; x_wconf 89' lang='lat' dir='ltr'><strong>feracem,</strong></span> <span class='ocrx_word' id='word_1_243' title='bbox 1125 2044 1207 2088; x_wconf 88' lang='lat' dir='ltr'><strong>sub</strong></span> <span class='ocrx_word' id='word_1_244' title='bbox 1253 2046 1387 2102; x_wconf 89' lang='lat' dir='ltr'><strong>cujus</strong></span> <span class='ocrx_word' id='word_1_245' title='bbox 1429 2044 1673 2104; x_wconf 53' lang='lat' dir='ltr'><strong>*perficie</strong></span> <span class='ocrx_word' id='word_1_246' title='bbox 1706 2049 1784 2087; x_wconf 89' lang='lat' dir='ltr'><strong>aut</strong></span> <span class='ocrx_word' id='word_1_247' title='bbox 1817 2044 1947 2087; x_wconf 90' lang='lat' dir='ltr'><strong>limus</strong></span> <span class='ocrx_word' id='word_1_248' title='bbox 1981 2043 2097 2088; x_wconf 89' lang='lat' dir='ltr'><strong>latet</strong></span> <span class='ocrx_word' id='word_1_249' title='bbox 2130 2049 2209 2087; x_wconf 88' lang='lat' dir='ltr'><strong>aut</strong></span> <span class='ocrx_word' id='word_1_250' title='bbox 2242 2043 2417 2103; x_wconf 90' lang='lat' dir='ltr'><strong>glarea.</strong></span> 
     </span>
     <span class='ocr_line' id='line_1_28' title="bbox 293 2118 2419 2179; baseline -0 -15"><span class='ocrx_word' id='word_1_251' title='bbox 293 2120 586 2164; x_wconf 90' lang='lat' dir='ltr'><strong>Terminatur</strong></span> <span class='ocrx_word' id='word_1_252' title='bbox 618 2124 767 2163; x_wconf 90' lang='lat' dir='ltr'><strong>autem</strong></span> <span class='ocrx_word' id='word_1_253' title='bbox 802 2118 1031 2163; x_wconf 87' lang='lat' dir='ltr'><strong>meridiem</strong></span> <span class='ocrx_word' id='word_1_254' title='bbox 1066 2133 1231 2164; x_wconf 69' lang='lat' dir='ltr'><strong>versus</strong></span> <span class='ocrx_word' id='word_1_255' title='bbox 1263 2119 1420 2175; x_wconf 73' lang='lat' dir='ltr'><strong>ssuvio,</strong></span> <span class='ocrx_word' id='word_1_256' title='bbox 1454 2133 1582 2179; x_wconf 87' lang='lat' dir='ltr'><strong>quem</strong></span> <span class='ocrx_word' id='word_1_257' title='bbox 1617 2125 1847 2163; x_wconf 85' lang='lat' dir='ltr'><strong>nostrates</strong></span> <span class='ocrx_word' id='word_1_258' title='bbox 1879 2118 2153 2164; x_wconf 79' lang='lat' dir='ltr'><strong>Schmutter</strong></span> <span class='ocrx_word' id='word_1_259' title='bbox 2177 2120 2419 2172; x_wconf 89' lang='lat' dir='ltr'><strong>nominant,</strong></span> 
     </span>
     <span class='ocr_line' id='line_1_29' title="bbox 292 2193 2419 2255; baseline -0 -16"><span class='ocrx_word' id='word_1_260' title='bbox 292 2202 339 2239; x_wconf 93' lang='lat' dir='ltr'><strong>et</strong></span> <span class='ocrx_word' id='word_1_261' title='bbox 373 2196 633 2254; x_wconf 83' lang='lat' dir='ltr'><strong>quingentis</strong></span> <span class='ocrx_word' id='word_1_262' title='bbox 665 2195 878 2255; x_wconf 85' lang='lat' dir='ltr'><strong>passibus</strong></span> <span class='ocrx_word' id='word_1_263' title='bbox 921 2196 1106 2239; x_wconf 87' lang='lat' dir='ltr'><strong>circiter</strong></span> <span class='ocrx_word' id='word_1_264' title='bbox 1151 2195 1271 2239; x_wconf 90' lang='lat' dir='ltr'><strong>ultra</strong></span> <span class='ocrx_word' id='word_1_265' title='bbox 1304 2196 1528 2239; x_wconf 89' lang='lat' dir='ltr'><strong>continuis</strong></span> <span class='ocrx_word' id='word_1_266' title='bbox 1565 2194 1725 2251; x_wconf 88' lang='lat' dir='ltr'><strong>clivis,</strong></span> <span class='ocrx_word' id='word_1_267' title='bbox 1760 2196 1803 2238; x_wconf 92' lang='lat' dir='ltr'><strong>in</strong></span> <span class='ocrx_word' id='word_1_268' title='bbox 1832 2193 1991 2254; x_wconf 88' lang='lat' dir='ltr'><strong>quibus</strong></span> <span class='ocrx_word' id='word_1_269' title='bbox 2021 2193 2139 2239; x_wconf 91' lang='lat' dir='ltr'><strong>bene</strong></span> <span class='ocrx_word' id='word_1_270' title='bbox 2160 2194 2286 2239; x_wconf 92' lang='lat' dir='ltr'><strong>multi</strong></span> <span class='ocrx_word' id='word_1_271' title='bbox 2312 2196 2419 2250; x_wconf 88' lang='lat' dir='ltr'><strong>vici,</strong></span> 
     </span>
     <span class='ocr_line' id='line_1_30' title="bbox 292 2268 2417 2330; baseline 0 -17"><span class='ocrx_word' id='word_1_272' title='bbox 292 2283 454 2325; x_wconf 75' lang='lat' dir='ltr'><strong>arceS,</strong></span> <span class='ocrx_word' id='word_1_273' title='bbox 496 2272 775 2315; x_wconf 87' lang='lat' dir='ltr'><strong>monasteria</strong></span> <span class='ocrx_word' id='word_1_274' title='bbox 816 2271 1161 2330; x_wconf 90' lang='lat' dir='ltr'><strong>conspiciuntur</strong></span> <span class='ocrx_word' id='word_1_275' title='bbox 1204 2275 1340 2329; x_wconf 88' lang='lat' dir='ltr'><strong>atque</strong></span> <span class='ocrx_word' id='word_1_276' title='bbox 1384 2268 1504 2315; x_wconf 87' lang='lat' dir='ltr'><strong>adeo</strong></span> <span class='ocrx_word' id='word_1_277' title='bbox 1554 2283 1688 2314; x_wconf 85' lang='lat' dir='ltr'><strong>rarae</strong></span> <span class='ocrx_word' id='word_1_278' title='bbox 1722 2268 1927 2314; x_wconf 91' lang='lat' dir='ltr'><strong>locorum</strong></span> <span class='ocrx_word' id='word_1_279' title='bbox 1960 2283 1988 2313; x_wconf 89' lang='lat' dir='ltr'><strong>a</strong></span> <span class='ocrx_word' id='word_1_280' title='bbox 2017 2268 2237 2314; x_wconf 82' lang='lat' dir='ltr'><strong>Romanis</strong></span> <span class='ocrx_word' id='word_1_281' title='bbox 2271 2270 2417 2314; x_wconf 90' lang='lat' dir='ltr'><strong>muni-</strong></span> 
     </span>
     <span class='ocr_line' id='line_1_31' title="bbox 292 2343 2417 2406; baseline 0 -19"><span class='ocrx_word' id='word_1_282' title='bbox 292 2350 436 2388; x_wconf 87' lang='lat' dir='ltr'><strong>torum</strong></span> <span class='ocrx_word' id='word_1_283' title='bbox 472 2346 725 2405; x_wconf 91' lang='lat' dir='ltr'><strong>parietinae</strong></span> <span class='ocrx_word' id='word_1_284' title='bbox 759 2350 951 2406; x_wconf 90' lang='lat' dir='ltr'><strong>possunt</strong></span> <span class='ocrx_word' id='word_1_285' title='bbox 981 2343 1290 2405; x_wconf 70' lang='lat' dir='ltr'><strong>deprehendi,</strong></span> <span class='ocrx_word' id='word_1_286' title='bbox 1344 2359 1372 2388; x_wconf 86' lang='lat' dir='ltr'><strong>a</strong></span> <span class='ocrx_word' id='word_1_287' title='bbox 1415 2343 1763 2405; x_wconf 84' lang='lat' dir='ltr'><strong>septentrionali</strong></span> <span class='ocrx_word' id='word_1_288' title='bbox 1797 2348 1929 2405; x_wconf 87' lang='lat' dir='ltr'><strong>parte</strong></span> <span class='ocrx_word' id='word_1_289' title='bbox 1962 2343 2105 2389; x_wconf 88' lang='lat' dir='ltr'><strong>Licus</strong></span> <span class='ocrx_word' id='word_1_290' title='bbox 2157 2344 2319 2389; x_wconf 89' lang='lat' dir='ltr'><strong>flumen</strong></span> <span class='ocrx_word' id='word_1_291' title='bbox 2352 2345 2417 2388; x_wconf 89' lang='lat' dir='ltr'><strong>ita</strong></span> 
     </span>
     <span class='ocr_line' id='line_1_32' title="bbox 293 2418 2419 2480; baseline 0 -16"><span class='ocrx_word' id='word_1_292' title='bbox 293 2433 478 2480; x_wconf 87' lang='lat' dir='ltr'><strong>campos</strong></span> <span class='ocrx_word' id='word_1_293' title='bbox 512 2419 702 2476; x_wconf 90' lang='lat' dir='ltr'><strong>dividit,</strong></span> <span class='ocrx_word' id='word_1_294' title='bbox 747 2426 795 2465; x_wconf 92' lang='lat' dir='ltr'><strong>ut</strong></span> <span class='ocrx_word' id='word_1_295' title='bbox 827 2422 900 2480; x_wconf 88' lang='lat' dir='ltr'><strong>qui</strong></span> <span class='ocrx_word' id='word_1_296' title='bbox 938 2420 1105 2465; x_wconf 87' lang='lat' dir='ltr'><strong>dextro</strong></span> <span class='ocrx_word' id='word_1_297' title='bbox 1139 2420 1288 2464; x_wconf 89' lang='lat' dir='ltr'><strong>latere</strong></span> <span class='ocrx_word' id='word_1_298' title='bbox 1321 2425 1426 2463; x_wconf 85' lang='lat' dir='ltr'><strong>sunt</strong></span> <span class='ocrx_word' id='word_1_299' title='bbox 1458 2421 1746 2475; x_wconf 78' lang='lat' dir='ltr'><strong>BavarIcae,</strong></span> <span class='ocrx_word' id='word_1_300' title='bbox 1795 2421 1980 2464; x_wconf 88' lang='lat' dir='ltr'><strong>sinistro</strong></span> <span class='ocrx_word' id='word_1_301' title='bbox 2023 2418 2266 2465; x_wconf 86' lang='lat' dir='ltr'><strong>Suevicae</strong></span> <span class='ocrx_word' id='word_1_302' title='bbox 2308 2433 2419 2480; x_wconf 93' lang='lat' dir='ltr'><strong>pro-</strong></span> 
     </span>
     <span class='ocr_line' id='line_1_33' title="bbox 294 2493 2419 2556; baseline -0 -18"><span class='ocrx_word' id='word_1_303' title='bbox 294 2495 475 2538; x_wconf 89' lang='lat' dir='ltr'><strong>vinciae</strong></span> <span class='ocrx_word' id='word_1_304' title='bbox 518 2497 824 2555; x_wconf 88' lang='lat' dir='ltr'><strong>assignentur.</strong></span> <span class='ocrx_word' id='word_1_305' title='bbox 897 2495 1046 2540; x_wconf 75' lang='lat' dir='ltr'><strong>¹Vicus</strong></span> <span class='ocrx_word' id='word_1_306' title='bbox 1089 2495 1416 2555; x_wconf 69' lang='lat' dir='ltr'><strong>ZVordendors</strong></span> <span class='ocrx_word' id='word_1_307' title='bbox 1451 2496 1551 2556; x_wconf 91' lang='lat' dir='ltr'><strong>ipse</strong></span> <span class='ocrx_word' id='word_1_308' title='bbox 1595 2493 1655 2539; x_wconf 88' lang='lat' dir='ltr'><strong>ad</strong></span> <span class='ocrx_word' id='word_1_309' title='bbox 1704 2497 1825 2540; x_wconf 85' lang='lat' dir='ltr'><strong>viam</strong></span> <span class='ocrx_word' id='word_1_310' title='bbox 1875 2494 2129 2556; x_wconf 87' lang='lat' dir='ltr'><strong>publicam,</strong></span> <span class='ocrx_word' id='word_1_311' title='bbox 2191 2507 2307 2554; x_wconf 92' lang='lat' dir='ltr'><strong>quae</strong></span> <span class='ocrx_word' id='word_1_312' title='bbox 2361 2493 2419 2538; x_wconf 89' lang='lat' dir='ltr'><strong>ab</strong></span> 
     </span>
     <span class='ocr_line' id='line_1_34' title="bbox 294 2568 2420 2628; baseline 0 -15"><span class='ocrx_word' id='word_1_313' title='bbox 294 2570 568 2628; x_wconf 82' lang='lat' dir='ltr'><strong>Augusta</strong></span> <span class='ocrx_word' id='word_1_314' title='bbox 623 2571 1072 2616; x_wconf 90' lang='lat' dir='ltr'><strong>Vindelicorum</strong></span> <span class='ocrx_word' id='word_1_315' title='bbox 1113 2572 1527 2618; x_wconf 72' lang='lat' dir='ltr'><strong>Dommwertlzam</strong></span> <span class='ocrx_word' id='word_1_316' title='bbox 1578 2570 1726 2628; x_wconf 90' lang='lat' dir='ltr'><strong>ducit,</strong></span> <span class='ocrx_word' id='word_1_317' title='bbox 1774 2570 2044 2616; x_wconf 86' lang='lat' dir='ltr'><strong>aedificatus</strong></span> <span class='ocrx_word' id='word_1_318' title='bbox 2094 2569 2150 2614; x_wconf 92' lang='lat' dir='ltr'><strong>ab</strong></span> <span class='ocrx_word' id='word_1_319' title='bbox 2184 2569 2268 2613; x_wconf 89' lang='lat' dir='ltr'><strong>illa</strong></span> <span class='ocrx_word' id='word_1_320' title='bbox 2308 2568 2420 2614; x_wconf 92' lang='lat' dir='ltr'><strong>urbe</strong></span> 
     </span>
     <span class='ocr_line' id='line_1_35' title="bbox 294 2644 2417 2708; baseline 0 -18"><span class='ocrx_word' id='word_1_321' title='bbox 294 2645 391 2690; x_wconf 90' lang='lat' dir='ltr'><strong>XX</strong></span> <span class='ocrx_word' id='word_1_322' title='bbox 424 2644 621 2689; x_wconf 89' lang='lat' dir='ltr'><strong>millibus</strong></span> <span class='ocrx_word' id='word_1_323' title='bbox 674 2662 888 2706; x_wconf 89' lang='lat' dir='ltr'><strong>passuum</strong></span> <span class='ocrx_word' id='word_1_324' title='bbox 942 2646 1098 2703; x_wconf 88' lang='lat' dir='ltr'><strong>abest,</strong></span> <span class='ocrx_word' id='word_1_325' title='bbox 1154 2646 1214 2691; x_wconf 86' lang='lat' dir='ltr'><strong>ad</strong></span> <span class='ocrx_word' id='word_1_326' title='bbox 1263 2646 1381 2692; x_wconf 89' lang='lat' dir='ltr'><strong>hanc</strong></span> <span class='ocrx_word' id='word_1_327' title='bbox 1431 2652 1677 2708; x_wconf 89' lang='lat' dir='ltr'><strong>praeterea</strong></span> <span class='ocrx_word' id='word_1_328' title='bbox 1720 2647 1839 2692; x_wconf 85' lang='lat' dir='ltr'>VIII</span> <span class='ocrx_word' id='word_1_329' title='bbox 1889 2645 2031 2690; x_wconf 87' lang='lat' dir='ltr'><strong>millia</strong></span> <span class='ocrx_word' id='word_1_330' title='bbox 2064 2650 2112 2690; x_wconf 86' lang='lat' dir='ltr'><strong>et</strong></span> <span class='ocrx_word' id='word_1_331' title='bbox 2143 2646 2417 2705; x_wconf 85' lang='lat' dir='ltr'><strong>quingentos</strong></span> 
     </span>
     <span class='ocr_line' id='line_1_36' title="bbox 297 2726 715 2780; baseline 0.002 -16"><span class='ocrx_word' id='word_1_332' title='bbox 297 2736 461 2780; x_wconf 87' lang='lat' dir='ltr'><strong>passus</strong></span> <span class='ocrx_word' id='word_1_333' title='bbox 493 2726 715 2765; x_wconf 87' lang='lat' dir='ltr'><strong>numerat.</strong></span> 
     </span>
    </p>

    <p class='ocr_par' dir='ltr' id='par_1_7' title="bbox 294 2793 2421 3085">
     <span class='ocr_line' id='line_1_37' title="bbox 420 2793 2418 2859; baseline 0.001 -20"><span class='ocrx_word' id='word_1_334' title='bbox 420 2795 522 2852; x_wconf 86' lang='lat' dir='ltr'><strong>Quo</strong></span> <span class='ocrx_word' id='word_1_335' title='bbox 558 2802 763 2858; x_wconf 89' lang='lat' dir='ltr'><strong>tempore</strong></span> <span class='ocrx_word' id='word_1_336' title='bbox 795 2796 987 2841; x_wconf 88' lang='lat' dir='ltr'><strong>Romani</strong></span> <span class='ocrx_word' id='word_1_337' title='bbox 1019 2797 1327 2843; x_wconf 67' lang='lat' dir='ltr'><strong>vVindeliciam</strong></span> <span class='ocrx_word' id='word_1_338' title='bbox 1359 2799 1403 2842; x_wconf 92' lang='lat' dir='ltr'><strong>in</strong></span> <span class='ocrx_word' id='word_1_339' title='bbox 1437 2798 1708 2859; x_wconf 90' lang='lat' dir='ltr'><strong>provinciae</strong></span> <span class='ocrx_word' id='word_1_340' title='bbox 1742 2796 1931 2842; x_wconf 87' lang='lat' dir='ltr'><strong>formam</strong></span> <span class='ocrx_word' id='word_1_341' title='bbox 1965 2793 2197 2840; x_wconf 89' lang='lat' dir='ltr'><strong>redactam</strong></span> <span class='ocrx_word' id='word_1_342' title='bbox 2237 2793 2418 2840; x_wconf 88' lang='lat' dir='ltr'><strong>obtine-</strong></span> 
     </span>
     <span class='ocr_line' id='line_1_38' title="bbox 295 2870 2421 2930; baseline -0 -15"><span class='ocrx_word' id='word_1_343' title='bbox 295 2871 403 2916; x_wconf 88' lang='lat' dir='ltr'><strong>bant</strong></span> <span class='ocrx_word' id='word_1_344' title='bbox 436 2874 513 2917; x_wconf 90' lang='lat' dir='ltr'><strong>via</strong></span> <span class='ocrx_word' id='word_1_345' title='bbox 546 2872 754 2917; x_wconf 88' lang='lat' dir='ltr'><strong>militaris</strong></span> <span class='ocrx_word' id='word_1_346' title='bbox 787 2871 962 2930; x_wconf 90' lang='lat' dir='ltr'><strong>locum,</strong></span> <span class='ocrx_word' id='word_1_347' title='bbox 994 2872 1067 2917; x_wconf 90' lang='lat' dir='ltr'><strong>ubi</strong></span> <span class='ocrx_word' id='word_1_348' title='bbox 1100 2875 1233 2918; x_wconf 86' lang='lat' dir='ltr'><strong>vicus</strong></span> <span class='ocrx_word' id='word_1_349' title='bbox 1251 2872 1808 2919; x_wconf 89' lang='lat' dir='ltr'><strong>Nordendorfmedia</strong></span> <span class='ocrx_word' id='word_1_350' title='bbox 1827 2877 1980 2917; x_wconf 89' lang='lat' dir='ltr'><strong>aetate</strong></span> <span class='ocrx_word' id='word_1_351' title='bbox 2002 2870 2212 2917; x_wconf 90' lang='lat' dir='ltr'><strong>conditus</strong></span> <span class='ocrx_word' id='word_1_352' title='bbox 2242 2875 2327 2927; x_wconf 85' lang='lat' dir='ltr'><strong>est,</strong></span> <span class='ocrx_word' id='word_1_353' title='bbox 2356 2871 2421 2914; x_wconf 84' lang='lat' dir='ltr'><strong>ita</strong></span> 
     </span>
     <span class='ocr_line' id='line_1_39' title="bbox 296 2945 2419 3009; baseline -0 -19"><span class='ocrx_word' id='word_1_354' title='bbox 296 2948 624 2993; x_wconf 87' lang='lat' dir='ltr'><strong>transcurrisse</strong></span> <span class='ocrx_word' id='word_1_355' title='bbox 658 2948 869 3005; x_wconf 78' lang='lat' dir='ltr'><strong>videtur,</strong></span> <span class='ocrx_word' id='word_1_356' title='bbox 904 2954 953 2992; x_wconf 93' lang='lat' dir='ltr'><strong>ut</strong></span> <span class='ocrx_word' id='word_1_357' title='bbox 986 2948 1139 2993; x_wconf 91' lang='lat' dir='ltr'><strong>urbem</strong></span> <span class='ocrx_word' id='word_1_358' title='bbox 1163 2948 1485 3007; x_wconf 88' lang='lat' dir='ltr'><strong>Augustam</strong></span> <span class='ocrx_word' id='word_1_359' title='bbox 1519 2962 1618 2994; x_wconf 89' lang='lat' dir='ltr'><strong>cum</strong></span> <span class='ocrx_word' id='word_1_360' title='bbox 1653 2947 1823 3009; x_wconf 90' lang='lat' dir='ltr'><strong>oppido</strong></span> <span class='ocrx_word' id='word_1_361' title='bbox 1855 2949 1959 2993; x_wconf 88' lang='lat' dir='ltr'><strong>sive</strong></span> <span class='ocrx_word' id='word_1_362' title='bbox 1991 2945 2189 2993; x_wconf 87' lang='lat' dir='ltr'><strong>castello</strong></span> <span class='ocrx_word' id='word_1_363' title='bbox 2222 2945 2419 2991; x_wconf 76' lang='lat' dir='ltr'><strong>Druso-</strong></span> 
     </span>
     <span class='ocr_line' id='line_1_40' title="bbox 294 3017 2418 3085; baseline -0.001 -20"><span class='ocrx_word' id='word_1_364' title='bbox 294 3037 431 3082; x_wconf 71' lang='lat' dir='ltr'><strong>mayo</strong></span> <span class='ocrx_word' id='word_1_365' title='bbox 465 3024 780 3083; x_wconf 87' lang='lat' dir='ltr'><strong>conjungeret.</strong></span> <span class='ocrx_word' id='word_1_366' title='bbox 846 3023 1209 3085; x_wconf 72' lang='lat' dir='ltr'><strong>Drusomayum</strong></span> <span class='ocrx_word' id='word_1_367' title='bbox 1243 3030 1392 3069; x_wconf 83' lang='lat' dir='ltr'><strong>autem</strong></span> <span class='ocrx_word' id='word_1_368' title='bbox 1426 3025 1473 3067; x_wconf 90' lang='lat' dir='ltr'><strong>in</strong></span> <span class='ocrx_word' id='word_1_369' title='bbox 1507 3025 1723 3068; x_wconf 87' lang='lat' dir='ltr'><strong>extremis</strong></span> <span class='ocrx_word' id='word_1_370' title='bbox 1764 3022 1925 3080; x_wconf 89' lang='lat' dir='ltr'><strong>clivis,</strong></span> <span class='ocrx_word' id='word_1_371' title='bbox 1971 3037 2085 3083; x_wconf 90' lang='lat' dir='ltr'><strong>quos</strong></span> <span class='ocrx_word' id='word_1_372' title='bbox 2129 3018 2263 3066; x_wconf 90' lang='lat' dir='ltr'><strong>modo</strong></span> <span class='ocrx_word' id='word_1_373' title='bbox 2308 3017 2418 3076; x_wconf 88' lang='lat' dir='ltr'><strong>dixi,</strong></span> 
     </span>
    </p>
   </div>
  </div>
 </body>
</html>
