2645 3240
1384 104 1456 162 10

350 253 622 314 scriptionis
664 256 796 312 parte
851 251 1033 308 addidi,
1068 253 1229 312 quibus
1261 256 1482 316 inspectis
1515 254 1707 300 liberum
1738 258 1814 299 est
1853 253 2107 301 lectoribus
2155 255 2237 301 vel
2266 257 2486 319 sumlere

348 330 503 375 animo
535 340 654 387 quae
687 328 941 385 requirant,
973 326 1055 373 vel
1088 328 1336 376 emendare
1368 344 1487 390 quae
1517 342 1758 391 perperam
1789 341 1860 374 me
1883 327 2064 375 vidisse
2096 332 2144 375 et
2177 328 2486 393 deseripabqe

350 407 593 450 censeant.

480 477 606 522 Ante
659 474 807 519 omnia
861 478 1012 520 autem
1055 481 1358 523 armatorum
1409 478 1584 524 decora
1625 476 1765 538 digua
1806 480 1912 522 sunt
1959 491 2079 537 quae
2129 492 2486 527 commemoren-

353 558 439 598 tur.
501 552 610 596 Jam
643 550 759 594 enim
793 562 850 592 ea
882 548 1156 594 documento
1188 563 1298 595 esse
1336 558 1557 612 possunt,
1589 552 1830 614 populum,
1879 552 2014 610 cujus
2043 555 2207 598 mortni
2237 553 2307 598 illi
2334 553 2484 611 fuere,

349 640 499 686 neque
528 626 689 670 artium
721 624 866 670 fuisse
900 629 1137 686 expertem
1171 629 1219 670 et
1251 627 1389 686 copia
1420 628 1676 689 opibusque
1708 627 1985 688 aliquantum
2015 626 2243 674 floruisse.
2291 629 2488 676 Ferrum

355 715 572 761 namque,
617 715 679 747 ex
713 714 802 760 quo
833 699 979 761 gladii
1012 699 1333 761 hastarumque
1365 703 1500 748 varia
1542 717 1717 763 genera
1747 702 1974 749 fabricata
2005 707 2161 759 erant,
2208 717 2301 750 non
2332 703 2481 752 nolum

354 779 400 822 in
434 775 647 838 chalybis
679 774 858 821 modum
892 775 1108 832 durabat,
1155 774 1241 821 sed
1275 779 1366 820 tum
1398 790 1483 822 aes
1515 778 1748 824 conflabat
1779 780 2039 839 stannique,
2091 779 2263 839 cyprii,
2312 778 2483 841 plumbi

352 856 552 898 mixtura
581 851 889 912 temperabat,
923 857 1012 895 tum
1038 853 1135 896 aeri
1166 857 1426 910 argentum,
1461 859 1655 912 argento
1681 869 1838 898 aurum
1869 854 2157 914 incoquebat,
2190 854 2482 914 cingulaque,

360 928 562 983 balteos,
609 926 773 971 fibulas
822 924 1021 971 habebat
1063 924 1304 985 eleganter
1354 926 1697 987 artificioseque
1729 927 1913 974 effictas
1953 935 2091 988 atque
2138 927 2403 975 elaboratas
2435 934 2485 975 et

350 1004 539 1062 gemmis
573 1002 708 1046 etiam
742 1002 1108 1060 ornamentisque
1141 1002 1385 1061 pretiosaS.

1162 1121 1683 1168 ARMORUM

348 1226 514 1274 magna
564 1216 666 1257 erat
709 1212 755 1255 in
799 1208 1060 1272 sepulchris
1102 1209 1365 1268 multitudo,
1405 1214 1455 1255 ut
1503 1215 1685 1272 gentem
1730 1209 1997 1257 bellicosam
2040 1210 2185 1257 suisse
2217 1210 2299 1258 vel
2331 1211 2483 1273 potius

352 1293 659 1349 provocatam
700 1286 761 1331 ad
794 1292 961 1331 terram
1003 1288 1140 1330 armis
1175 1284 1523 1332 custodiendam
1571 1292 1619 1331 et
1650 1285 1987 1332 defendendam
2029 1288 2253 1348 suspicari
2294 1286 2484 1343 subeat;

351 1368 399 1409 et
448 1364 658 1409 varietas
710 1376 890 1421 quoque
944 1376 1166 1406 armorum
1226 1361 1456 1406 notabilis.
1535 1361 1716 1407 Etenim
1768 1364 1954 1423 primum
2008 1362 2245 1408 effodimus
2292 1362 2484 1423 qladios

350 1440 574 1497 utrimque
618 1442 798 1493 acutos,
845 1451 960 1497 quos
1000 1442 1078 1481 aut
1127 1439 1156 1481 2
1199 1436 1346 1497 pedes
1389 1436 1418 1481 9
1460 1435 1632 1497 digitos
1680 1442 1760 1481 aut
1809 1436 1855 1481 3¹
1892 1436 1955 1481 2¹‘
1993 1437 2160 1497 longos
2209 1442 2257 1482 et
2298 1438 2484 1482 circiter

350 1517 380 1559 2
415 1519 494 1558 aut
526 1513 615 1571 24¹¹
648 1512 771 1557 latos
807 1526 868 1557 ex
889 1511 1069 1557 Norico
1103 1511 1229 1557 ferro
1262 1511 1415 1556 factos
1449 1525 1556 1556 esse
1589 1511 1696 1558 inde
1729 1510 2010 1557 concludere
2037 1511 2163 1569 licet,
2198 1510 2323 1571 quod
2353 1512 2483 1558 acies

352 1602 505 1635 eorum
527 1589 733 1649 quamvis
767 1586 976 1647 robigine
1007 1591 1225 1648 correpta
1260 1592 1408 1632 tamen
1439 1584 1637 1631 noudum
1671 1592 1771 1632 erat
1792 1601 1982 1649 prorsus
2015 1586 2182 1633 obtusa
2212 1599 2362 1647 neque
2395 1585 2483 1631 du-

350 1666 479 1708 rities
512 1665 652 1707 victa.
717 1663 895 1706 Horum
926 1661 1079 1722 capuli
1112 1662 1171 1705 5⁰
1203 1662 1331 1721 longi
1363 1663 1491 1706 corio
1524 1666 1654 1705 erant
1685 1664 1809 1717 tecti,
1841 1662 2047 1707 nonnulli
2082 1662 2251 1706 lamina
2282 1674 2480 1723 superne

347 1743 511 1784 contra
558 1739 678 1782 ictus
721 1735 1023 1782 adorientium
1064 1737 1243 1793 muniti,
1289 1735 1408 1781 infra
1449 1735 1574 1782 bulla
1624 1738 1840 1798 insigneS.
1905 1737 2104 1797 Vaginis
2144 1736 2310 1783 inclusi
2352 1740 2484 1781 erant

351 1827 488 1858 enses
523 1819 601 1857 aut
633 1814 845 1857 coriariis
878 1816 957 1856 aut
992 1812 1176 1871 ligneis,
1212 1826 1397 1871 quarum
1424 1811 1602 1871 quidem
1625 1811 1847 1872 reliquiae
1875 1812 2050 1872 aliquot
2072 1812 2193 1858 locis
2226 1814 2482 1858 etiamnunc

350 1895 619 1945 cernuntur,
671 1891 713 1931 in
766 1902 856 1933 uno
904 1892 950 1932 et
998 1886 1147 1932 altero
1181 1887 1263 1932 vel
1296 1890 1513 1933 corticem
1555 1888 1742 1933 betulae
1783 1887 2185 1933 animadvertimus
2216 1893 2480 1933 restantem.

350 1965 437 2023 (cf.
472 1963 591 2009 Tab.
623 1964 659 2008 1.
692 1962 766 2006 58.
793 1964 843 2018 1]
877 1962 963 2005 litt.
999 1976 1039 2006 e.
1071 1962 1104 2006 f.
1140 1976 1186 2022 g.
1222 1960 1301 2021 h.).

476 2037 660 2083 Deinde
694 2038 892 2098 spathas
911 2042 957 2081 et
992 2038 1306 2097 semis-pathas
1334 2035 1380 2097 ²)
1415 2039 1537 2081 nacti
1570 2052 1721 2082 sumus
1755 2053 1845 2082 una
1877 2043 2047 2082 tantum
2079 2043 2210 2098 parte
2243 2042 2403 2083 acutas
2435 2041 2484 2083 et

353 2127 434 2158 eas
467 2113 580 2159 ferri
614 2115 770 2173 rigore
802 2117 940 2173 atque
974 2110 1140 2157 duritie
1174 2111 1573 2158 commendabiles.
1641 2112 1771 2169 Quae
1816 2128 1947 2173 quum
1989 2114 2034 2157 in
2079 2112 2407 2172 longitudinem
2439 2111 2483 2157 1⁴

346 2190 405 2233 5¹¹
440 2189 500 2233 ad
544 2189 588 2233 2‘
619 2191 677 2232 2“
722 2190 844 2232 etin
886 2187 1173 2232 latitudinem
1215 2189 1305 2247 2}ss
1338 2186 1399 2231 ad
1443 2187 1530 2246 13⁴¹
1562 2194 1776 2248 pateant,
1813 2187 2051 2233 latioribus
2094 2188 2336 2233 manubriis
2377 2191 2482 2232 sunt

344 2263 525 2309 habiles
559 2263 827 2323 annulisque
863 2262 1069 2307 firmatae
1103 2269 1149 2307 et
1183 2264 1226 2306 in
1261 2263 1445 2321 vaginis
1478 2268 1557 2307 ant
1589 2276 1650 2308 ex
1682 2264 1811 2309 corio
1841 2267 1920 2308 aut
1952 2277 2013 2308 ex
2044 2262 2173 2323 ligno
2205 2261 2476 2308 reconditae

346 2339 490 2385 fuisse
525 2339 757 2386 videntur.
825 2340 913 2399 [cf.
948 2337 1066 2384 Tab.
1099 2338 1136 2383 1.
1168 2338 1243 2383 58.
1278 2353 1319 2383 a.
1354 2337 1394 2384 b.
1429 2352 1468 2384 c.
1502 2337 1571 2395 d.)

479 2416 597 2469 Tum
627 2418 858 2477 puyiones
891 2416 1100 2474 congesti
1135 2420 1238 2459 sunt
1270 2419 1318 2459 et
1349 2415 1517 2470 cultri,
1560 2429 1746 2475 quorum
1779 2420 1950 2476 partem
1986 2415 2257 2475 tegumentis
2290 2412 2477 2460 involu-

347 2498 439 2536 tam
471 2491 615 2535 suisse
650 2490 773 2534 haud
807 2489 1016 2535 obscuris
1052 2489 1232 2534 indiciis
1266 2489 1514 2549 colligitur.
1585 2489 1780 2536 cultelli
1808 2490 1977 2550 singuli
2003 2489 2198 2550 singulis
2229 2488 2367 2546 lociS,
2399 2488 2476 2547 ubi

345 2566 559 2611 mulieres
602 2565 889 2625 infantesque
930 2565 1101 2625 sepulti
1144 2571 1302 2622 erant,
1346 2565 1643 2626 apparebant.
1709 2564 1942 2611 Interdum
1993 2565 2203 2611 fossores
2246 2565 2392 2610 nostri
2430 2565 2477 2609 in

348 2640 526 2688 cultros
558 2639 818 2698 inciderunt
851 2653 991 2700 super
1022 2640 1225 2700 maj0res
1258 2642 1459 2686 virorum
1492 2653 1630 2686 enses
1660 2641 1913 2702 impositos·
1977 2641 2062 2700 (cf.
2098 2638 2218 2686 Tab.
2252 2639 2291 2685 Ι.
2324 2638 2400 2687 45.
2432 2653 2475 2685 a.

346 2716 388 2761 b.
421 2730 460 2761 c.
497 2715 616 2762 Tab.
649 2715 712 2759 11.
747 2714 821 2758 47.
856 2713 915 2760 66
966 2714 1042 2772 t),

481 2848 738 2897 curavisset,
775 2848 820 2883 ut
857 2845 1025 2884 annales
1042 2853 1164 2884 ‘suos
1193 2857 1229 2886 a.
1254 2845 1354 2887 1844
1377 2850 1418 2884 et
1448 2844 1547 2888 1846
1569 2845 1711 2899 figuris
1753 2845 1874 2896 pictis
1902 2844 2140 2895 illustraret,
2179 2843 2273 2883 mihi
2298 2843 2476 2897 benigne

478 2911 676 2959 permisit,
703 2914 747 2947 ut
776 2907 830 2945 ad
858 2909 1116 2958 scriptionem
1144 2909 1300 2946 hancce
1330 2908 1544 2947 ornandam
1572 2914 1670 2958 quot
1695 2907 1841 2947 vellem
1869 2908 2053 2957 exempla
2080 2919 2287 2946 sumerem.

404 2977 446 3026 ¹)
476 2976 576 3014 Tab.
606 2973 626 3013 1
656 2974 747 3014 dico
771 2986 869 3025 eam,
898 2974 939 3013 in
968 2985 1049 3026 qua
1077 2985 1208 3013 annus
1241 2972 1354 3024 1843,
1381 2974 1420 3012 Π
1446 2974 1487 3013 in
1515 2985 1596 3026 qua
1624 2986 1659 3016 a.
1693 2971 1794 3015 1844
1820 2974 2039 3025 inscriptus
2070 2977 2146 3015 eet.

403 3043 446 3088 2)
473 3042 538 3080 De
565 3041 630 3081 his
658 3043 712 3091 cf.
742 3039 889 3081 Isidori
917 3042 1114 3095 originum
1142 3042 1210 3081 lib.
1240 3039 1367 3082 XViI
1394 3052 1432 3081 c.
1463 3041 1502 3083 6.
