2645 3240
1301 82 1339 140 5

577 239 619 286 ς.
645 235 685 277 2.
744 233 906 285 Πόλεις
934 232 983 277 δέ
1010 233 1125 276 εἶσιν
1151 230 1200 274 ἐν
1223 248 1276 291 τῃ
1260 229 1550 282 Ὀυἰνδελκίᾳ
1564 230 1688 285 παρά
1707 230 1789 283 μὲν
1807 229 1886 270 τὸν
1898 228 2154 282 Λανούβιον
2179 223 2381 277 ποταμόν

630 316 892 376 Ἀρτόβρινα
956 345 978 353 -
1086 344 1108 352 -
1216 342 1238 351 ·
1343 342 1366 351 -
1469 306 1537 369 ἷβ
1697 314 1742 357 δ’
1910 316 1985 366 ἰμζ
2195 311 2234 357 ς’

634 399 911 456 Βοιόδουρον
956 426 977 434 -
1086 425 1107 432 -
1215 423 1238 432 -
1345 422 1370 432 -
1475 399 1536 450 λγ
1692 394 1770 461 'Ly'
1917 395 1984 447 μζ
2191 391 2234 435 δ’

579 531 623 578 ς.
646 528 686 570 3.
739 525 828 570 ὕπὸ
859 528 908 570 δὲ
934 524 1101 574 ταύτας

629 605 873 662 Λῦγούστα
914 602 1214 647 offendentem·
1340 627 1360 636 —
1472 593 1535 657 ἷβ
1702 623 1739 665 .''.
1922 593 1965 652 [ι’
1963 617 1987 645 ς
2197 599 2238 651 y‘

633 686 958 743 Καρῤἄδουνον
1088 710 1111 719 -
1216 708 1239 717 -
1343 709 1366 717 -
1474 674 1533 737 ἷγ
1678 703 1716 748 g
1729 683 1762 737 γ’
1923 670 1987 733 ᾖς
1999 700 2036 744 -η
2199 680 2225 720 δ
2235 677 2245 693 ’

632 764 923 821 Ἄβουδίακον
961 791 983 799 ·
1088 790 1111 799 -
1216 790 1238 797 -
1346 790 1368 798 -
1473 753 1534 818 ἷγ
1686 822 1724 830 -
1929 751 1995 814 ᾗς
2206 756 2247 800 δ’

633 847 960 901 Καμβόδουνον
1086 870 1108 878 -
1216 871 1238 878 -
1344 871 1366 878 —
1471 836 1542 899 ἶβ
1695 861 1760 908 gy
1925 833 1965 895 ᾗ
1970 859 1993 888 ς

635 925 891 969 Μέδουλλον
956 951 977 958 -
1213 950 1235 957 -
1465 915 1532 981 Ty
1683 945 1718 990 g
1729 942 1754 980 y
1920 913 1988 975 ,ἴε
2199 935 2224 973 y
2237 917 2261 961 ό

629 1002 870 1060 Ἰνούτριον
959 1031 980 1038 -
1087 1032 1110 1039 -
1218 1032 1240 1039 -
1474 998 1538 1058 ἴβ
1689 1022 1757 1068 gy
1917 995 1981 1056 'fe
2189 1058 2225 1065 .-

390 1145 470 1192 Ex
492 1145 580 1193 hac
598 1144 908 1205 descriptione
924 1146 1212 1207 perspicuum
1233 1149 1318 1203 est,
1346 1143 1428 1192 CL
1441 1144 1663 1191 Ptolem
1676 1159 1831 1191 aeum
1852 1145 2062 1191 Raetiam
2078 1144 2221 1204 ipsam
2239 1138 2383 1185 tribus

264 1220 471 1283 partibus
501 1212 567 1266 ita
597 1222 934 1276 internoscere,
973 1226 1025 1264 ut
1055 1221 1269 1281 primam,
1313 1222 1357 1265 in
1389 1234 1479 1280 qua
1518 1219 1655 1265 urbes
1700 1219 2071 1281 Braqodurum,
2113 1216 2384 1269 Dracunia,

277 1295 430 1342 Viana
469 1300 517 1341 et
548 1286 831 1341 Phoenicum
873 1293 1089 1340 conditae
1130 1296 1243 1350 sint,
1295 1294 1551 1340 Danubium
1582 1296 1834 1355 attingere,
1878 1293 2028 1339 altera
2075 1293 2244 1337 circum
2275 1288 2383 1334 fon-

263 1375 353 1415 tem
386 1368 536 1415 Rheni
578 1369 716 1415 urbes
755 1368 1040 1430 Taoeyetium
1072 1374 1120 1415 et
1150 1370 1458 1432 Brzyantium
1490 1370 1737 1426 contineri,
1781 1371 1962 1415 tertiam
1994 1383 2023 1412 a
2055 1372 2189 1427 tergo
2231 1379 2384 1411 earum

265 1444 527 1504 adjunctam
581 1444 781 1505 reliquas
844 1443 982 1489 urbes
1046 1444 1234 1501 Vicum,
1285 1444 1591 1500 modat-um,
1644 1444 2027 1506 Drusomayum,
2082 1440 2387 1489 Ectodurum

263 1518 437 1566 habere
479 1521 701 1583 opinetur.
775 1517 863 1566 Cui
910 1520 1111 1581 opinioni
1152 1520 1227 1579 qui
1269 1518 1575 1582 adstipulatur
1604 1518 1965 1582 Drusomayum
1996 1532 2087 1563 non
2134 1513 2297 1578 procul
2327 1513 2385 1559 ab

263 1594 589 1641 Helvetiorum
620 1594 781 1639 finibus
815 1600 1006 1654 quaerat
1037 1608 1231 1640 necesse
1262 1600 1347 1640 est.
1410 1594 1594 1641 Idcirco
1627 1594 1871 1642 Leiclzuen
1892 1598 1967 1652 ¹),
2010 1594 2084 1653 qui
2116 1594 2159 1636 in
2193 1591 2386 1637 Suevo-

263 1684 359 1714 rum
392 1671 659 1730 antiquitate
692 1668 1017 1729 investiganda
1048 1684 1218 1714 summa
1248 1684 1348 1715 cum
1379 1669 1521 1716 laude
1560 1669 1858 1732 versabatur,
1905 1671 2015 1729 jure
2056 1666 2229 1713 fecisse
2274 1677 2387 1710 cen·-

266 1743 438 1790 sendus
480 1749 575 1803 est,
624 1743 748 1805 quod
779 1743 898 1790 hanc
936 1743 1092 1790 urbem
1130 1744 1273 1791 fluvio
1310 1745 1531 1802 Triesen,
1585 1747 1659 1807 qui
1701 1751 1773 1791 est
1814 1747 1859 1790 in
1899 1744 2156 1807 principatu
2199 1739 2385 1796 Vaduz,

266 1818 533 1879 adjacuisse
571 1820 735 1866 voluit.
797 1820 952 1865 Minus
985 1824 1112 1866 recte
1145 1819 1224 1865 alii
1256 1822 1302 1865 in
1332 1821 1602 1868 Ptolemaei
1640 1820 1838 1881 alioquin
1871 1820 2089 1878 vestigiis
2121 1817 2387 1861 insistentes

262 1895 449 1956 propius
503 1896 721 1940 orientem
773 1894 874 1939 urbi
921 1894 1072 1940 locum
1123 1894 1268 1941 fuisse
1319 1895 1559 1954 finxerunt.
1637 1895 1799 1941 Veluti
1849 1895 2022 1954 Georg.
2058 1892 2308 1939 Mercator
2341 1894 2389 1935 et

262 1969 389 2015 Petr.
424 1968 693 2015 Montanus
724 1971 796 2026 ²),
858 1969 1005 2015 Marc.
1047 1969 1273 2016 Velserus
1306 1972 1381 2028 ³),
1426 1970 1535 2016 Joa.
1565 1969 1775 2017 Salerni}
1809 1973 1885 2027 ⁴),
1943 1970 2066 2029 Aeg.
2109 1966 2320 2013 Tsclmdi
2341 1966 2386 2022 ⁵)

267 2045 477 2106 proxime
511 2043 735 2103 llargum,
769 2058 858 2104 qua
889 2046 1079 2105 regione
1108 2059 1227 2090 nunc
1258 2045 1548 2106 Memminya
1581 2051 1675 2102 est,
1721 2061 1750 2090 a
1781 2046 1936 2090 Druso
1970 2043 2125 2088 urbem
2157 2040 2387 2087 conditam

271 2132 378 2164 esse
415 2120 724 2179 cognominem
766 2124 1009 2164 autumant.
1108 2120 1278 2181 Neque
1321 2134 1383 2166 ex
1432 2121 1763 2167 recentioribus
1809 2120 1946 2167 Conr.
1988 2117 2282 2164 Mannertus
2319 2117 2385 2173 ⁶),

269 2192 496 2241 dubitavit
526 2195 570 2239 in
605 2207 760 2240 eorum
805 2199 961 2255 partes
994 2192 1261 2253 discedere,
1313 2201 1472 2258 utpote
1505 2197 1579 2257 qui
1621 2198 1664 2241 in
1708 2194 1865 2241 tabula
1906 2189 2244 2255 geographica,
2296 2205 2385 2251 qua

325 2350 358 2398 1)
385 2350 441 2400 cf.
484 2349 596 2387 Lib.:
642 2348 876 2388 Schwaben
915 2354 1031 2388 unter
1058 2349 1137 2387 den
1164 2349 1338 2388 nomem
1365 2355 1443 2388 etc.
1481 2362 1563 2394 von
1590 2349 1726 2388 Julius
1751 2348 1982 2388 Leichtlen.
2039 2349 2241 2402 Freiburg
2271 2349 2385 2391 1825.

400 2423 497 2463 pag.
525 2411 615 2452 206.

317 2484 358 2534 ²)
385 2485 441 2535 cf.
487 2482 582 2522 edit.
617 2483 835 2521 Ptolemaei
869 2483 1062 2522 Francof.
1109 2496 1147 2522 a.
1178 2484 1290 2526 1605.
1343 2484 1392 2522 F.
1421 2496 1460 2534 p.
1489 2483 1554 2525 56.
1593 2488 1635 2522 et
1684 2484 1857 2523 tabulam
1907 2496 2050 2536 geogr.
2088 2482 2185 2522 huic
2223 2483 2389 2523 editioni

397 2545 606 2586 adnexam·

325 2618 364 2667 ³)
392 2620 448 2669 of.
476 2619 581 2669 Ejus
608 2630 741 2669 opera.
795 2616 971 2657 Norimb.
1002 2618 1118 2660 1682.
1145 2631 1185 2669 p.
1205 2618 1293 2660 192.

317 2687 353 2738 ⁴)
381 2692 436 2741 cf.
458 2691 600 2742 EJusz·
621 2690 783 2753 Raetia,
810 2689 885 2729 das
909 2691 961 2729 ist
989 2690 1184 2730 ausffihrl.
1205 2705 1245 2732 u.
1260 2689 1736 2730 wahrhanenesehreib.
1766 2690 1837 2730 der
1866 2690 2020 2743 dreyen
2047 2689 2249 2730 loblichen
2269 2689 2379 2730 Gra-

399 2763 496 2791 wen
519 2752 708 2792 Biindten
733 2765 773 2792 u.
804 2752 973 2792 auderet
999 2752 1216 2793 Bitschcn
1242 2753 1400 2794 Volker
1427 2759 1505 2793 etc.
1559 2755 1675 2806 p.17.

328 2825 371 2874 ⁵)
397 2826 452 2876 of.
478 2825 602 2875 Ejus.
654 2825 966 2880 Bcschreibung
992 2822 1076 2865 von
1103 2826 1192 2866 dem
1224 2826 1441 2880 Ursprung
1471 2852 1522 2858 -
1547 2828 1853 2866 Landmarchen
1884 2850 1926 2856 —
1965 2827 2087 2864 Alten
2120 2825 2279 2865 Namen
2310 2826 2395 2866 und

393 2886 747 2939 Mmmpraohen
774 2888 933 2930 Galliae
937 2861 1156 2930 ⁴”Comatae
1173 2893 1249 2931 etc.
1304 2889 1660 2944 Herausgegeben
1687 2905 1727 2930 v.
1754 2890 1795 2930 J
1821 2889 1862 2929 J.
1889 2887 2051 2928 Gallnti.
2098 2886 2244 2929 Const.
2275 2889 2390 2932 1758.

395 2961 491 3004 pag.
521 2950 611 2992 272.

327 3024 362 3071 ⁶)
390 3025 444 3074 cf.
471 3023 594 3074 Ejus.
623 3022 856 3070 Germania,
905 3023 1057 3062 Rhitia
1077 3031 1154 3064 etc.
1184 3025 1289 3063 nach
1318 3024 1396 3063 den
1427 3024 1633 3077 Begriffcn
1662 3024 1733 3063 der
1759 3023 1919 3065 Romer.
