2645 3240
377 230 432 277 ln
461 229 589 276 nullo
632 238 820 290 usquam
860 228 1117 276 conditorio
1150 243 1296 276 arcae
1337 230 1443 276 sive
1475 226 1621 272 loculi
1649 229 1730 269 aut
1761 224 1972 285 lapidum
2011 226 2231 290 reliquiae
2262 234 2371 275 sunt

257 304 597 369 Μυκη,
631 311 681 349 ut
711 303 893 350 dubium
922 318 1031 349 esse
1062 310 1283 363 nequeat,
1318 305 1425 364 quin
1456 300 1661 346 homines
1694 298 1765 343 illi
1797 298 2040 345 defunctos
2071 305 2188 349 omni
2219 307 2372 351 vesti.

254 384 502 426 mentorum
565 392 874 438 armorumque
924 384 1087 424 ornatu
1139 377 1391 423 honoratos
1443 374 1579 419 humo
1627 379 1797 419 tantum
1844 376 2018 433 injecta
2066 381 2370 425 contexerint.

251 455 474 501 Nimirum
503 454 551 498 iu
581 451 728 498 hastis
758 458 805 499 et
835 452 1101 499 umbonibus
1133 466 1269 498 rarae
1301 451 1415 512 ligni
1448 450 1593 495 fibrae
1624 448 1872 494 restabant.

375 526 500 575 Ossa
519 532 680 574 autem
712 529 813 589 ipsa
851 532 1011 588 utpote
1042 528 1087 572 in
1120 526 1253 572 arido
1281 525 1388 571 solo
1421 524 1636 571 cubantia
1665 522 1841 568 nudare
1882 524 2054 570 licebat
2086 525 2188 572 fere
2220 529 2371 572 omnia

251 603 531 665 figuramque
560 606 606 648 et
637 602 822 649 formam
854 600 1089 646 humanam
1136 615 1420 662 agnoscere3
1469 601 1623 661 capita
1665 604 1940 644 mortuorum
1973 599 2035 645 ad
2075 600 2189 646 solis
2222 608 2369 648 ortum

250 676 542 740 spectabant,
574 683 775 738 excepto
806 691 922 732 uno,
954 675 1077 736 quod
1109 681 1234 722 retro
1265 678 1310 721 in
1344 689 1559 721 occasum
1594 674 1814 720 directum
1846 679 1973 731 erat,
2017 681 2067 719 ut
2098 680 2144 720 et
2177 675 2367 722 aliarum

251 754 459 815 corporis
503 754 606 812 ejus
653 754 844 814 partium
888 754 1065 813 positus
1109 753 1365 796 contrarius
1407 761 1544 811 atque
1586 752 1632 794 in
1679 751 1847 795 ceteris
1894 754 2035 794 esset.

373 827 566 886 Aliquot
586 827 702 872 locis
708 828 848 886 juxta
868 825 1089 871 hominum
1112 828 1246 872 etiam
1264 826 1459 887 grandia
1476 840 1692 886 equorum
1712 840 1821 870 ossa
1839 824 2134 885 apparebant.
2166 826 2368 883 Memini,

251 916 320 948 me
340 904 559 963 pictorem
577 900 865 950 desiderare,
900 915 1028 960 quum
1061 899 1249 947 hiberno
1282 903 1485 962 tempore
1516 902 1561 945 in
1594 900 1780 946 foveam
1812 898 2007 959 aliquam
2032 912 2196 946 recens
2230 914 2368 962 aper-

251 981 340 1022 tam
365 974 527 1022 oculos
547 974 840 1020 demitterem.
904 974 1043 1021 Adeo
1076 977 1224 1021 omnia
1255 975 1316 1020 ad
1346 977 1582 1035 imaginem
1615 976 1681 1020 rei
1715 973 2068 1019 adumbrandam
2100 975 2370 1021 invitabant.

254 1049 376 1098 Ossa
427 1049 650 1097 videlicet
696 1048 909 1106 hominis,
960 1063 1088 1110 quem
1132 1049 1257 1095 bello
1309 1050 1454 1094 fuisse
1501 1051 1721 1109 insignem
1763 1049 2008 1106 crederes,
2060 1051 2167 1095 limo
2215 1050 2369 1096 sordi-

188 1153 193 1156 -
250 1125 424 1184 busque
468 1124 677 1168 abstersa
720 1138 804 1169 suo
836 1137 1041 1183 quaeque
1074 1124 1182 1168 loco
1223 1123 1549 1185 splendebant,
1605 1124 1666 1168 ad
1707 1124 1916 1168 dextram
1965 1126 2369 1186 conspiciebantur

250 1198 395 1259 gladii
444 1198 678 1259 longiores
722 1194 1020 1244 brevioribus*
1053 1199 1272 1260 impositi,
1327 1211 1467 1259 super
1510 1197 1715 1255 calvam,
1772 1212 1888 1258 quae
1931 1206 2063 1244 scuto
2096 1199 2178 1245 vel
2210 1202 2364 1261 potius

248 1273 442 1320 umbone
474 1278 598 1319 tecta
630 1277 755 1329 erat,
788 1271 923 1317 hasta
955 1272 1205 1331 eminebat,
1260 1288 1289 1318 a
1319 1274 1503 1319 sinistro
1535 1272 1684 1319 latere
1717 1287 1861 1333 equus
1893 1272 2111 1318 inclinato
2145 1273 2366 1321 dextror-

249 1364 345 1394 sum
379 1362 576 1409 corpore
606 1353 853 1409 porrectus·
878 1352 1002 1405 erat,
1055 1349 1189 1408 cujus
1221 1349 1420 1410 speciem
1461 1361 1729 1409 expressam
1762 1354 1809 1393 et
1850 1347 2128 1409 explicatam
2160 1349 2365 1396 habeba-

252 1438 369 1480 mus,
415 1414 544 1482 ¹quod
586 1418 709 1467 terra
751 1421 862 1482 gelu
904 1428 1123 1468 concreta
1164 1422 1417 1479 efficiebat,
1468 1429 1518 1467 ut
1557 1428 1718 1468 costae
1752 1423 2073 1468 distinerentur
2103 1424 2369 1485 reliquaque

251 1498 446 1544 membra
480 1500 608 1557 quasi
643 1499 936 1543 commissura
968 1490 1121 1558 aliqua
1153 1500 1269 1543 inter
1300 1511 1353 1543 se
1386 1496 1639 1544 cohaerere
1672 1497 1953 1544 viderentur.

373 1572 475 1620 Sed
505 1579 556 1618 ut
598 1572 851 1619 describam
892 1574 1043 1634 potius
1076 1571 1198 1633 quod
1242 1574 1518 1630 invenimus,
1569 1588 1699 1634 quam
1741 1574 1926 1634 ingenio
1976 1587 2193 1619 exornem
2245 1573 2367 1634 quod

249 1647 371 1707 vidi,
413 1647 603 1695 brachia
636 1663 773 1710 porro
806 1654 1078 1694 mortuorum
1111 1653 1190 1694 aut
1222 1649 1381 1694 stricte
1415 1654 1632 1709 arcteque
1664 1648 1725 1694 ad
1758 1662 1957 1710 corpora
1989 1654 2119 1694 erant
2151 1648 2368 1706 adducta,

250 1730 349 1781 aut,
400 1723 449 1769 id
482 1724 604 1783 quod
637 1739 743 1769 raro
776 1724 946 1769 factum
979 1730 1072 1781 est,
1127 1738 1324 1786 superne
1366 1726 1410 1768 in
1452 1730 1643 1785 pectore
1675 1729 1755 1769 aut
1787 1723 1846 1770 ad
1877 1723 2060 1770 alveum
2091 1723 2371 1770 decussatim

249 1798 484 1859 colligata.

373 1873 565 1920 Statura
596 1872 841 1929 hominum,
876 1875 949 1932 qui
981 1876 1023 1918 in
1060 1872 1148 1920 hoc
1181 1874 1287 1919 loco
1321 1874 1564 1932 antiquitus
1595 1873 1763 1918 humati
1796 1879 1923 1931 sunt,
1969 1888 2222 1919 mensuram
2254 1875 2366 1920 vul-

248 1962 405 2008 garem
438 1962 529 1993 non
561 1949 786 2003 excessit3
820 1950 907 1993 viri
943 1951 1058 1994 enim
1091 1964 1303 1993 summum
1333 1962 1471 1994 senos
1503 1946 1651 2009 pedes
1683 1947 1764 1993 alti
1797 1954 1948 2006 erant,
1981 1949 2194 1995 mulieres
2220 1948 2367 1995 ferme

251 2025 424 2082 quinos.

371 2097 523 2141 Juxta
561 2111 644 2142 eos
686 2101 765 2141 aut
812 2112 936 2141 arma
978 2096 1162 2157 aliaque
1210 2098 1407 2155 insignia
1449 2097 1661 2142 militaria
1706 2103 1783 2142 aut
1826 2097 2070 2142 delicatior
2101 2096 2364 2142 feminarum

249 2169 400 2216 cultus
442 2185 673 2230 urnaeque
720 2175 851 2215 erant
898 2173 1092 2232 positae.
1172 2171 1237 2216 Et
1269 2170 1415 2230 gladii
1457 2171 1635 2230 quidem
1678 2173 1878 2230 maj0res
1921 2173 2157 2216 maximam
2189 2177 2363 2232 partem

248 2245 431 2292 laevum
476 2244 599 2290 latus
641 2245 888 2301 ornabant,
937 2245 1159 2291 interdum
1199 2247 1316 2290 inter
1358 2243 1502 2305 pedes
1550 2250 1682 2290 erant
1727 2247 1914 2303 inserti,
1962 2248 2159 2292 minores
2194 2247 2365 2307 passim

251 2320 458 2367 dextram
490 2334 784 2380 occupavere
814 2325 1011 2381 partem,
1064 2320 1124 2365 ad
1169 2335 1299 2380 quam
1331 2319 1525 2365 lanceae
1557 2318 1808 2381 hastaeque
1840 2322 1905 2365 ita
1936 2327 2067 2367 erant
2098 2321 2364 2383 adaptatae,

249 2400 300 2442 ut
341 2395 603 2458 plerumque
645 2396 798 2456 capita
845 2401 1135 2455 superarent3
1189 2408 1331 2440 urnae
1372 2408 1517 2456 prope
1559 2410 1587 2439 a
1630 2395 1823 2456 pedibus
1866 2396 2050 2442 stabant
2093 2399 2363 2458 saepissime

250 2470 485 2533 multiplici
517 2469 808 2532 supellectile
839 2471 1032 2515 cinctae.

372 2546 508 2593 Haec
539 2558 723 2591 munera
753 2543 1064 2607 sepulchralia
1095 2545 1182 2589 etsi
1220 2544 1277 2589 ab
1310 2546 1502 2590 instituti
1534 2547 1620 2591 mei
1655 2547 1831 2590 ratione
1864 2545 2061 2591 alienum
2095 2552 2167 2592 est
2198 2547 2365 2608 singil-

249 2619 389 2677 latim,
421 2626 472 2667 ut
493 2634 699 2681 quaeque
729 2621 775 2664 iu
796 2620 1132 2681 possessionem
1164 2620 1400 2664 societatis
1419 2624 1606 2665 nostrae
1628 2619 1878 2666 historicae
1897 2628 2136 2679 venerunt,
2169 2636 2366 2684 percen-

250 2708 380 2753 sere,
413 2700 561 2742 tamen
594 2697 639 2741 in
672 2695 1068 2756 reprehensionem
1098 2708 1189 2740 non
1219 2695 1468 2753 incurram,
1511 2697 1551 2741 si
1584 2698 1861 2756 generatim,
1904 2702 2040 2758 prout
2071 2697 2365 2744 similitudine

253 2769 445 2831 quadam
486 2775 625 2831 atque
668 2771 943 2831 cognatione
985 2771 1232 2830 conjuncta
1264 2783 1370 2816 esse
1403 2770 1670 2829 videantur,
1717 2771 2012 2834 complectar.
2096 2771 2198 2819 Sed
2233 2789 2366 2834 quum

254 2843 444 2892 difficile
485 2847 568 2903 sit,
618 2859 712 2892 rem
754 2846 911 2894 verbis
952 2847 1158 2906 assequi,
1210 2844 1391 2891 tabulas
1435 2846 1798 2909 lithographicas
1821 2849 1863 2905 ¹)
1911 2850 1954 2892 in
1988 2853 2197 2894 extrema
2228 2847 2367 2909 hujus

282 2978 445 3056 ³)*Has
489 3004 646 3044 tabulas
693 3016 811 3056 quum
849 3004 1101 3045 Societas
1128 3005 1384 3044 historica
1424 3005 2032 3059 Suevo-Neoburgensis
2088 3007 2365 3047 conficiendas

1857 3075 1887 3118 2
