2645 3240
1169 80 1205 135 3

139 231 206 276 bis
252 230 377 277 mille
421 235 467 275 et
509 229 764 288 quingentis
796 227 959 275 -ferme
1010 227 1222 290 passibus
1274 225 1558 274 occidentem
1611 240 1778 274 versus
1824 241 1852 270 a
1904 226 2251 290 Nordendorpo

126 304 412 366 'distantibus
444 301 722 360 collocatum
752 302 898 348 fuisse
929 302 1053 348 haud
1084 304 1150 348 ita
1180 302 1321 363 longe
1356 316 1385 347 a
1432 315 1549 348 vero
1591 299 1821 347 aberrabit
1865 303 1937 361 qui
1980 316 2078 347 cum
2126 303 2252 349 Ras-

137 388 249 428 cer'o
280 381 501 425 statuerit.

260 454 409 515 Cujus
441 455 707 499 sententiam
730 454 1015 513 gravissimis
1039 451 1322 498 documentis
1355 451 1592 497 subnixam
1619 454 1824 512 quoniam
1854 457 1958 497 sunt
1990 454 2063 512 qui
2091 456 2251 499 etiam-

145 544 264 576 nunc
296 531 568 592 impugnent,
603 543 659 576 eo
689 530 835 592 magis
868 526 1099 584 adducor,
1139 532 1189 572 ut
1222 529 1530 587 quaestionem
1572 542 1714 589 saepe
1752 527 2023 589 multumque
2066 545 2094 573 a
2137 531 2251 576 viris

142 603 295 650 doctis
327 607 543 665 agitatam
576 608 843 659 retractem,
886 602 1007 663 quod
1039 602 1184 647 refert
1218 608 1264 648 et
1296 602 1354 647 ad
1388 601 1437 647 id
1467 601 1602 665 ,quod
1642 603 1746 648 mihi
1789 606 2007 665 proposui
2048 604 2251 665 proban-

147 678 251 724 dum
287 679 559 737 decernere,
593 693 682 740 quo
714 678 820 723 loco
860 677 1201 739 Drusomayus
1233 680 1350 722 situs
1380 677 1532 722 fuerit.

260 755 366 800 Hoc
413 746 559 801 autem
602 761 771 801 certum
814 758 911 810 est,
966 743 1009 798 in
1050 760 1256 799 extrema
1297 753 1478 799 illorum
1523 752 1748 799 clivorum
1796 758 1928 814 parte
1976 754 2253 815 amplissima

139 829 440 875 Romanorum
475 844 616 890 opera
651 833 889 874 exstructa
920 827 1077 873 fuisse.
1143 828 1354 889 Namque
1386 827 1498 873 licet
1530 843 1647 874 arva
1680 828 1739 873 ibi
1770 841 1853 889 per
1880 827 2115 874 multorum
2140 844 2251 877 sae-

139 903 343 949 culorum
369 903 607 948 decursum
629 907 782 946 aratro
804 904 1042 961 quotannis
1064 908 1368 947 exerceantur
1386 909 1432 947 et
1447 902 1760 958 concidantur,
1793 908 1941 948 tamen
1959 918 2047 948 non
2072 904 2148 949 diu
2177 912 2249 950 est

140 992 272 1037 quum
313 979 493 1036 integra
535 976 841 1021 aedificiorum
882 975 1196 1032 fundamenta,
1241 991 1357 1035 quae
1397 979 1694 1038 peritissimus
1738 979 1929 1037 quisque
1971 980 2250 1037 antiquitatis

142 1052 360 1098 Romanis
393 1051 558 1108 tribuit,
592 1052 850 1112 pavimenta
881 1049 1142 1108 tessellata,
1171 1042 1350 1111 lapides
1368 1052 1669 1097 Romanorum
1703 1064 1829 1097 more
1862 1067 2044 1110 caesos,
2077 1054 2169 1098 alia
2202 1054 2250 1099 id

139 1141 285 1186 genus
326 1132 449 1172 terra
472 1126 633 1172 obruta
657 1124 1021 1171 denudaverunt.
1082 1126 1186 1171 Huc
1217 1125 1420 1183 accedit,
1459 1126 1579 1187 quod
1606 1142 1811 1187 magnam
1831 1143 2048 1175 vasorum
2074 1129 2249 1175 Roma-

141 1214 298 1246 norum
331 1202 583 1259 variaeque
615 1199 919 1260 supellectilis
965 1201 1056 1245 vim
1099 1205 1146 1244 et
1187 1205 1353 1244 tantam
1393 1198 1622 1246 numorum
1671 1202 1996 1249 multitudinem
2052 1206 2248 1251 invene-

137 1280 265 1331 runt,
315 1279 365 1318 ut
409 1288 471 1319 ex
518 1276 574 1319 iis
616 1273 697 1319 vel
750 1275 822 1316 uni
855 1275 1063 1319 Bais-ero
1107 1276 1338 1333 quingenti
1380 1277 1563 1320 circiter
1604 1279 1870 1321 enotuerint.
1957 1279 2080 1333 Quid
2126 1278 2248 1338 quod

139 1363 201 1394 ex
234 1349 409 1392 laminis
443 1347 630 1393 aheueis
662 1363 751 1392 non
784 1349 1002 1409 signatis,
1035 1350 1079 1395 in
1113 1363 1225 1407 quas
1258 1348 1497 1408 agricolae
1532 1352 1650 1394 inter
1679 1351 1893 1395 arandum
1917 1355 1963 1396 in
1996 1353 2088 1397 illis
2121 1356 2249 1412 agris

137 1437 280 1484 saepe
312 1423 528 1480 incidunt,
559 1424 795 1482 conjicere
827 1437 1078 1484 possumus,
1111 1438 1139 1467 a
1171 1424 1402 1481 Romanis,
1435 1425 1508 1483 qui
1537 1423 1694 1470 sedem
1723 1439 1779 1470 eo
1810 1425 1916 1471 loco
1945 1426 2079 1472 fixam
2102 1427 2247 1474 habe-

135 1498 258 1555 bant,
291 1513 449 1543 numos
483 1512 588 1542 esse
622 1511 823 1543 excusos
856 1500 1132 1558 negotiaque
1164 1498 1438 1544 creberrime
1475 1504 1720 1545 transacta.

260 1572 326 1618 Et
365 1573 457 1618 loci
502 1580 665 1617 natura
709 1575 810 1634 ipsa
850 1574 1081 1619 Romanos
1124 1588 1213 1619 non
1262 1573 1408 1619 solum
1454 1588 1511 1619 eo
1575 1581 1803 1636 tempore,
1849 1589 1936 1635 quo
1974 1574 2249 1621 Vindelicos

137 1647 440 1708 subegerunt,
490 1647 574 1693 sed
620 1649 754 1693 etiam
798 1654 927 1709 post,
985 1648 1060 1693 ubi
1092 1648 1205 1694 fines
1237 1656 1398 1694 contra
1429 1651 1621 1711 impetus
1655 1649 1981 1695 Germanorum
2029 1657 2251 1711 perrupto

137 1723 279 1768 limite
337 1723 607 1768 Danubiano
656 1726 899 1784 perniciem
941 1726 1228 1769 minitantium
1276 1724 1430 1770 tuendi
1476 1729 1635 1781 erant,
1690 1726 1887 1771 invitare
1929 1725 2147 1781 debebat,
2203 1731 2253 1770 ut

136 1797 369 1860 praesidia
400 1800 445 1843 in
477 1797 559 1845 illo
595 1804 742 1844 tractu
785 1799 976 1861 plurima
1008 1799 1297 1846 collocarent
1330 1804 1377 1845 et
1409 1799 1673 1844 firmissima.
1735 1799 1850 1845 Inde
1883 1802 1997 1845 enim
2031 1807 2078 1846 et
2108 1801 2252 1847 facile

140 1873 396 1920 advolabat
425 1874 555 1919 miles
603 1875 863 1931 Romanus,
910 1876 949 1919 si
982 1873 1141 1921 hostes
1174 1874 1426 1920 Danubium
1460 1876 1653 1920 transire
1685 1880 1929 1937 pararent,
1970 1881 2130 1938 utpote
2177 1880 2250 1937 qui

141 1951 283 1995 amnis
323 1951 407 1996 vix
451 1949 642 2011 amplius
698 1956 890 2010 quatuor
947 1949 1143 1995 millibus
1184 1965 1397 2012 passuum
1438 1950 1648 2007 abesset,
1692 1956 1740 1996 et
1790 1950 1937 1996 oculis
1980 1966 2251 2013 percurrere

136 2030 321 2086 poterat
363 2025 630 2082 convalles,
664 2040 780 2084 quae
843 2041 872 2069 a
913 2025 1244 2070 confluentibus
1275 2025 1379 2071 Lici
1427 2030 1475 2070 et
1515 2025 1712 2070 Danubii
1744 2027 1788 2070 in
1843 2025 2126 2071 occidentem
2167 2041 2249 2087 per

135 2101 285 2145 vicies
331 2100 456 2144 mille
497 2115 710 2161 passuum
757 2106 1001 2161 porrectae
1048 2102 1239 2161 spatium
1284 2099 1506 2146 clivorum
1549 2115 1602 2145 se
1651 2102 1969 2160 excipientium
2001 2115 2174 2146 corona
2202 2103 2247 2145 in

136 2174 313 2220 dextra·
349 2177 448 2236 ripa
480 2176 667 2219 fluminis
708 2176 1015 2221 circumdatae
1056 2181 1173 2222 sunt.
1234 2175 1290 2220 Id
1324 2178 1456 2220 etiam
1494 2180 1831 2235 peropportune
1861 2175 2054 2233 cecidit,
2109 2175 2244 2235 quod,

135 2251 175 2294 si
236 2248 342 2309 quid
385 2250 576 2310 periculi
619 2265 648 2294 a
689 2250 893 2295 barbaris
926 2252 1193 2305 immineret,
1228 2249 1284 2295 ab
1318 2248 1407 2295 hoc
1437 2249 1543 2295 loco
1574 2263 1658 2309 per
1690 2250 1905 2311 speculas
1938 2250 2065 2295 nullo
2096 2265 2245 2310 nego-

136 2325 200 2370 tio
232 2325 302 2381 iis,
351 2325 423 2384 qui
458 2323 725 2384 Augustae,
758 2325 803 2369 in
836 2326 989 2385 capite
1027 2324 1265 2381 coloniae,
1307 2325 1482 2369 stativa
1512 2322 1763 2381 habebant,
1805 2324 2067 2385 significare
2108 2330 2244 2386 pote-

137 2404 240 2446 rant
272 2404 319 2444 et
353 2398 523 2443 auxilia
545 2400 739 2446 exciere
785 2412 812 2444 e
844 2399 1051 2444 castellis
1084 2404 1210 2444 recta
1242 2400 1434 2459 regione
1467 2398 1527 2444 ad
1559 2399 1863 2444 Pomonam
1898 2405 1944 2444 et
1977 2400 2245 2445 Guntiam

141 2489 225 2537 per
257 2473 437 2519 limitem
471 2473 807 2531 (Parrodunum
820 2472 870 2531 ἓ)
904 2475 948 2518 iu
980 2473 1115 2520 editis
1147 2473 1265 2519 locis
1297 2475 1473 2534 positis.

259 2550 388 2606 Quae
424 2565 553 2610 quum
585 2552 649 2595 ita
682 2551 791 2605 sint,
824 2564 953 2595 nemo
998 2552 1085 2595 erit
1117 2551 1191 2609 qui
1224 2548 1427 2605 dubitet,
1461 2551 1564 2608 quin
1595 2550 1900 2595 Romanorum
1941 2549 2000 2594 ad
2035 2549 2245 2595 obtinen-

137 2624 241 2669 dam
274 2631 320 2671 et
363 2625 613 2686 pacandam
657 2626 938 2687 provinciam
979 2624 1244 2685 permultum
1290 2624 1566 2682 interfuerit,
1610 2630 1659 2669 ut
1702 2640 1845 2686 opera
1875 2625 1958 2669 illa
1989 2641 2016 2669 a
2050 2625 2245 2670 Germa-

134 2714 293 2745 norum
334 2700 663 2747 incursionibus
707 2699 1020 2746 defenderent.
1081 2699 1150 2745 At
1188 2714 1304 2746 vero
1345 2716 1445 2746 num
1478 2702 1577 2759 quis
1611 2706 1765 2762 potest
1797 2700 2132 2756 demonstrare,
2175 2699 2245 2744 bis

137 2774 350 2838 operibus
383 2790 544 2822 nomen
581 2775 879 2838 Drusomayo
912 2789 1018 2821 esse
1049 2773 1268 2821 inditum?

262 2851 334 2899 cl.
354 2851 730 2898 Ptolemaeus
762 2851 964 2912 quidem,
1000 2853 1045 2896 in
1068 2853 1202 2911 cujus
1239 2851 1528 2913 geographia
1549 2866 1638 2896 una
1671 2851 1794 2909 (libr.
1813 2852 1873 2897 ΙΙ.
1907 2865 1947 2897 c.
1978 2850 2052 2896 12.
2087 2867 2130 2913 p.
2157 2850 2248 2895 124

137 2926 208 2973 ed.
237 2926 530 2985 Nobbianae)
572 2927 661 2973 hoc
702 2941 863 2973 nomen
895 2926 1087 2987 legitur,
1137 2927 1271 2971 aliam
1304 2929 1533 2987 regionem
1568 2931 1808 2988 spectasse
1841 2926 2043 2973 videtur.
2129 2925 2247 2973 Sunt

137 3004 251 3048 enim
282 3001 400 3049 haec
431 3003 533 3063 ejus
566 3003 734 3049 verba:

1800 3078 1874 3123 1*
