2645 3240
1296 77 1367 132 (Β

259 226 415 272 flando
456 224 787 272 conformatum
820 229 893 270 est
927 225 1032 284 ejus
1063 223 1175 269 nihil
1208 223 1275 272 ad·
1300 228 1386 271 nos
1417 228 1546 273 venit
1577 230 1665 274 nisi
1696 228 1848 277 fracta
1877 227 2100 285 membra,-
2142 229 2394 273 sexcentae

259 305 424 348 contra
453 314 662 362 gemmae
695 302 923 360 integrae.
942 304 1155 345 tornatae
1187 305 1236 345 et
1265 298 1561 348 rotundatae.
1624 302 1740 348 Has-
1759 303 1941 365 quidem
1963 300 2284 351 versicolores
2307 298 2397 346 h·-

259 376 419 423 bemus
442 378 512 423 ‘ea
542 379 759 429 tinctura,
805 380 854 420 ut
887 376 931 419 iu
964 375 1161 435 siugulis
1195 377 1424 437 pigmenta
1453 375 1588 438 plura
1620 375 1967 437 dignoscantur.
2027 379 2277 440 Fragmiua
2302 375 2394 422 ali-

265 457 377 513 quot
424 466 698 513 gemmarum
739 449 1007 511 diligentius
1056 450 1318 514 exploranti
1359 450 1464 497 mihi
1515 453 1748 513 persuasi,
1784 452 1999 500 vcaude-1
2041 467 2148 500 esse
2204 465 2393 516 compo-

260 530 441 574 sitionis
482 527 623 587 hujus
664 528 885 572 rationem
918 532 1057 587 atque
1088 527 1239 585 illam,
1283 542 1414 588 quam
1446 530 1491 573 in
1522 522 1796 589 pavimentis
1827 529 2143 577 vermiculatis
2183 528 2394 576 videmus

257 608 538 665 usurpatam.
643 602 780 649 Sicut
841 604 981 658 enim,
1052 603 1127 649 nbi
1196 603 1396 649 testulae
1447 605 1491 648 in
1545 605 1706 650 varios
1766 602 1953 650 colores
2026 606 2180 665 pictae
2239 602 2395 650 ruderi

258 678 477 725 inductae
532 684 660 735 sunt,
713 678 862 724 solum
911 678 1151 724 fistucatur
1199 678 1396 738 limaque
1445 680 1628 735 teritur,
1678 681 1744 724 ita
1785 677 1971 724 fistulae
2024 680 2129 725 sive
2174 679 2390 726 lamellae

260 768 324 799 ex
355 756 480 800 vitro
512 753 683 814 frigido
717 754 970 814 eodemque
1003 756 1144 798 tincto
1176 767 1357 798 massae
1388 755 1496 799 vitri
1529 755 1801 815 impressae.
1844 753 2035 799 simulac
2069 767 2169 798 cum
2202 756 2391 801 materie

257 829 559 884 coaluerunt,
605 828 786 874 cotibus
817 835 922 873 sunt
954 828 1127 888 politae
1160 834 1208 872 et
1243 827 1301 872 ab
1335 830 1452 873 omni
1483 828 1703 874 scabritie
1746 833 1985 890 purgatae.
2022 832 2026 834 ’
2069 828 2191 874 Hinc
2221 828 2393 874 factum

260 910 348 960 est,
383 910 433 949 ut
465 904 657 965 opifices
691 918 804 962 quas
838 902 1017 948 vellent
1049 902 1222 962 figuras
1255 908 1357 949 arte
1388 918 1474 947 sua
1507 903 1744 963 fingerent.
1809 902 1972 950 Veluti
2004 907 2270 965 spectantur
2301 902 2392 948 ali-

258 985 368 1041 quot
401 979 608 1024 flosculis
642 978 880 1023 herbarum
913 977 1061 1023 rubris
1095 979 1317 1035 nitenteS,
1352 993 1539 1039 quorum
1571 978 1688 1025 folia
1715 978 1884 1026 viridia
1909 984 2037 1036 sunt,
2072 993 2203 1039 quum
2222 992 2391 1041 corpus

256 1057 402 1117 ipsum
451 1055 695 1100 suffuscum
743 1055 819 1098 sit.
903 1053 956 1098 ln
1001 1053 1107 1098 aliis
1161 1053 1415 1099 conflandis
1470 1056 1647 1101 vitrarii
1701 1055 1819 1102 hanc
1874 1057 1994 1101 viam
2037 1055 2237 1114 ingressi
2285 1067 2392 1100 esse

255 1129 497 1185 videntur,
556 1136 606 1174 ut
649 1137 840 1176 tenaces
884 1130 993 1175 vitri
1037 1129 1197 1189 liquati
1230 1130 1481 1191 particulas
1514 1137 1562 1176 et
1604 1145 1685 1176 eas
1716 1131 1876 1177 colore
1917 1133 2037 1176 inter
2079 1143 2132 1175 se
2176 1128 2392 1175 diversas

258 1205 609 1265 agglutinarent
662 1204 982 1265 vertendoque
1026 1211 1073 1250 et
1118 1204 1372 1265 torquendo
1414 1207 1458 1251 in
1493 1208 1651 1252 varios
1694 1205 1874 1252 habitus
1917 1205 2152 1252 ducerent.
2216 1205 2391 1251 Harum

258 1282 395 1327 etiam
436 1279 526 1326 dici
555 1282 637 1326 vix
670 1285 825 1341 potest
856 1285 1066 1341 quantum
1099 1281 1158 1325 sit
1190 1282 1235 1325 in
1269 1280 1429 1341 figuris
1461 1286 1509 1327 et
1541 1281 1827 1327 lineamentis
1860 1280 2102 1327 discrimen
2134 1280 2388 1341 lumenque.

255 1356 382 1400 Aliis
402 1356 544 1400 ocelli
567 1356 730 1400 colore
748 1356 1079 1411 internitentes,
1115 1355 1264 1400 donec
1287 1358 1528 1416 temperies
1548 1356 1819 1416 patiebatur,
1840 1371 2038 1418 superne
2059 1364 2165 1400 sunt
2180 1357 2388 1416 impositi.

257 1430 433 1485 Quibus
476 1431 699 1489 imagines
744 1430 1004 1490 insculptae
1044 1434 1149 1474 sunt
1191 1443 1277 1475 eae
1312 1444 1468 1475 omnes
1501 1432 1579 1475 ovi
1611 1433 1657 1475 in
1688 1430 1970 1476 latitudinem
2006 1432 2257 1492 compressi
2289 1429 2391 1475 for-

254 1519 370 1550 mam
412 1504 609 1550 reddunt
651 1504 1002 1565 cuniculosque,
1062 1518 1175 1565 quos
1216 1509 1371 1550 cestro
1416 1503 1625 1551 fecerunt
1678 1505 1904 1564 artifices,
1958 1504 2127 1552 habeut
2172 1509 2392 1552 encausto

255 1581 421 1641 pictos.
488 1579 716 1626 Caeteras
755 1582 1007 1640 praeminet
1040 1594 1101 1624 ex
1134 1594 1191 1625 eo
1223 1593 1397 1641 genere
1430 1593 1607 1640 gemma
1640 1579 1916 1638 subviridis,
1958 1583 2003 1625 in
2042 1595 2130 1641 qua
2162 1580 2285 1626 lotus
2319 1584 2392 1625 est

252 1654 413 1716 lepide
451 1654 632 1711 efficta,
688 1660 794 1699 sunt
828 1657 990 1711 etiam,
1038 1656 1083 1699 in
1117 1655 1278 1714 quibus
1321 1655 1460 1701 flores
1491 1655 1585 1700 albi
1625 1656 1782 1702 lucent
1813 1656 1907 1701 alia
1940 1657 2049 1702 vitri
2082 1660 2214 1716 parte
2245 1656 2390 1715 nigri-

255 1735 408 1774 cante.

390 1804 552 1865 Opera
604 1805 796 1849 caelata
837 1816 986 1864 pauca
1018 1808 1224 1860 exstant,
1290 1808 1338 1848 at
1372 1809 1418 1849 et
1452 1817 1509 1849 ea
1541 1804 1749 1865 pulchra.

381 1880 487 1923 Hae
520 1892 727 1938 gemmae
751 1878 968 1923 facticiae
990 1892 1122 1937 quum
1156 1880 1357 1938 maj0res
1392 1881 1482 1923 siut
1517 1881 1767 1940 partimque
1791 1878 2100 1939 magnitudine
2117 1876 2390 1937 juglandem

255 1953 338 1999 vel
361 1966 521 1998 nucem
545 1953 809 1999 avellanam
827 1958 1039 2012 aequent,
1073 1967 1216 2013 purae
1237 1953 1318 1999 vel
1342 1968 1431 1998 uno
1457 1954 1619 2001 colore
1641 1956 1919 2015 conspicuae
1935 1941 2199 2014 plerumque
2221 1953 2388 1998 ciceris

254 2026 436 2073 modum
465 2042 555 2073 uon
582 2027 831 2073 excedunt.
898 2018 1001 2073 Una
1035 2033 1181 2073 tamen
1215 2026 1263 2073 id
1295 2015 1480 2088 geneffis
1514 2031 1666 2091 excipi
1702 2028 1863 2088 debet,
1894 2028 2001 2074 ideo
2023 2029 2156 2074 etiam
2180 2027 2386 2087 insignis,

255 2102 379 2163 quod
423 2102 557 2148 color
587 2104 798 2163 proxima
829 2102 1034 2164 sapphiri
1068 2102 1361 2149 similitudine
1392 2104 1587 2165 pulvere
1619 2119 1760 2150 aureo
1794 2110 1867 2150 est
1898 2105 2180 2150 commixtus.

379 2178 560 2224 'Vitrum
592 2192 865 2238 gemmarum
900 2183 979 2223 aut
1011 2177 1197 2223 surdum
1231 2177 1549 2238 distinguimus
1582 2186 1629 2226 et
1661 2179 1902 2227 obscurum
1932 2184 2012 2224 aut
2048 2177 2386 2224 translucidum.

376 2253 430 2297 In
457 2253 682 2315 fictitibus
701 2256 902 2299 lauticiis
935 2252 1101 2314 ambigi
1132 2258 1309 2315 potest,
1342 2259 1489 2299 utrum
1518 2254 1663 2315 pluris
1706 2254 1877 2300 habere
1908 2253 2156 2300 debeamus
2189 2252 2388 2314 argillae

254 2329 518 2373 tenuitatem
552 2334 598 2373 et
630 2328 875 2373 bonitatem
908 2343 964 2372 an
999 2328 1173 2375 coloris
1204 2328 1479 2388 incoqueudi
1513 2329 1837 2376 dexteritatem
1869 2329 2179 2390 linearumque
2207 2327 2386 2374 ductus.

253 2402 448 2448 Terram
482 2402 663 2463 quidem
694 2402 864 2448 nullam
897 2402 1143 2449 adhibitam
1177 2417 1284 2449 esse
1315 2404 1589 2465 intelligitur
1620 2406 1708 2449 nisi
1741 2404 1947 2451 lavatam
1979 2410 2027 2451 et
2059 2391 2314 2449 cribratam.

382 2478 499 2533 Quin
534 2480 669 2523 etiam
702 2480 943 2524 murrln‘m‘
982 2478 1160 2538 globuli
1194 2480 1368 2525 inventi
1413 2485 1518 2524 sunt
1557 2494 1647 2525 non
1680 2481 1746 2525 ita
1776 2482 1934 2541 pauci,
1979 2493 2165 2540 quorum
2198 2470 2383 2523 crustae

255 2554 512 2598 etiamnunc
554 2569 643 2599 non
675 2556 818 2599 minus
851 2553 1098 2616 splendent
1131 2570 1261 2615 quam
1296 2569 1459 2602 recens
1502 2561 1653 2601 natae.
1680 2557 1730 2613 ¹)
1797 2556 1953 2616 Atque
1996 2556 2095 2615 quis
2139 2558 2237 2611 est,
2281 2554 2385 2614 quin

320 2759 351 2807 ¹)
393 2757 488 2796 Non
516 2759 684 2810 ignoro,
722 2762 969 2809 quantopere
998 2760 1250 2797 recentiores
1292 2758 1342 2797 ab
1381 2759 1432 2796 iis
1473 2758 1728 2808 dissideant,
1771 2758 1839 2810 qni
1877 2769 1965 2797 cum
2002 2757 2238 2796 Buttmanno
2275 2766 2384 2794 vasa

381 2825 561 2859 veterum
588 2820 791 2859 murrhina
818 2832 872 2859 ex
898 2820 1038 2858 eodem
1060 2822 1143 2858 luto
1172 2832 1198 2858 a
1223 2820 1362 2873 figulis
1390 2821 1501 2859 facta
1527 2833 1626 2859 esse
1653 2825 1860 2870 statuunt,
1899 2832 1979 2871 quo
2020 2823 2226 2859 nostrates
2255 2828 2383 2867 opera

381 2882 536 2933 fingere
564 2883 698 2920 solent
725 2885 883 2921 nomine
897 2883 1096 2921 Lusitano
1127 2884 1390 2932 porcellanea
1418 2885 1629 2924 nominata.
1671 2882 1875 2932 (Ofiliber
1888 2882 2134 2921 annueri:
2164 2878 2383 2917 Archaeo-

379 2943 488 2995 logie
512 2950 606 2995 etc.
649 2974 659 2984 .
679 2943 772 2986 4²7.
801 2945 1118 2985 Fr-'l'hiersehii
1158 2950 1367 2985 comment.
1397 2945 1439 2984 in
1470 2944 1564 2988 libb.
1579 2962 1590 2984 ε
1631 2943 1958 2998 Abhandlungen
1984 2943 2057 2983 der
2081 2938 2383 2994 philologiseh-

383 3005 569 3059 philosop
599 2999 623 3015 '⁵
676 3007 830 3048 Klasse
858 3007 930 3047 der
955 3008 994 3049 k.
1011 3009 1153 3061 boyer.
1178 3006 1311 3047 Aead.
1331 3007 1370 3047 d.
1386 3006 1656 3049 Wissensch.
1693 3006 1813 3046 LBd.
1840 3003 2137 3048 Muneh.1835.
2164 3000 2294 3055 2443
2323 3007 2382 3041 et:
