2645 3240
259 244 331 298 iis,
364 243 438 301 qui
470 240 532 286 de
563 240 852 287 Allemannis
885 240 1123 285 somniant.
1190 240 1293 285 Hos
1325 239 1515 285 metalla
1546 240 1822 299 instituisse,
1871 242 1957 288 hos
1989 244 2132 287 artem
2162 240 2386 292 cau-nte

260 318 374 372 auri,
407 318 605 375 argenti,
635 316 747 361 ferri
778 319 886 376 igne
928 313 1165 374 mitigandi
1209 313 1546 374 formandique,
1593 313 1681 359 hos
1711 316 1939 377 superbos
1986 316 2132 362 fuisse
2172 316 2386 363 ventib-

260 394 464 453 purpura
494 405 697 452 auroque
727 392 864 453 pictis
900 389 1167 450 reliquaque
1199 396 1562 437 ornamentorum
1594 389 1993 452 snpellectilisque
2026 393 2384 455 pretiosissimae

260 467 598 528 magnificentia
630 472 818 513 veteres
850 467 1105 528 scriptores
1137 466 1337 522 Plinius,
1379 464 1614 511 Diodorus
1646 464 1865 524 Siculus,
1896 466 2093 525 Strabo,
2141 468 2383 530 Polybius,

258 544 336 587 alii
370 544 614 588 memoriae
649 541 963 603 prodiderunt.

383 617 473 663 Cui
506 617 634 662 laudi
665 620 753 662 etsi
786 618 898 663 nihil
932 616 1124 676 derogo,
1158 621 1306 660 tamen
1338 614 1386 660 id
1419 613 1523 659 mihi
1555 629 1644 660 non
1672 629 1857 674 arrogo,
1891 621 1941 659 ut
1973 630 2092 674 quae
2123 622 2288 679 postea
2318 616 2382 663 de

258 691 418 748 fonte,
467 706 530 738 ex
564 706 653 751 quo
686 691 976 739 derivandae
1008 705 1116 736 esse
1149 691 1452 748 *antiquitates
1484 689 1938 750 Nordendorpenses
1971 688 2239 748 videantur,
2282 693 2384 753 ipse

260 766 423 821 dicam,
472 765 563 813 hoc
612 769 860 828 praecipue
911 771 1176 824 argumento
1239 763 1453 821 adjuvari
1511 767 1558 808 et
1617 764 1837 810 suffulciri
1880 765 2146 811 existimem.
2216 765 2385 826 Neque

259 846 387 886 tanta
420 840 526 885 mihi
558 843 604 885 in
638 856 823 902 operum
857 839 1149 885 similitudine
1181 839 1541 899 pervagatisque
1574 837 1809 884 Celtarum
1843 838 2029 884 sedibus
2061 838 2124 884 ad
2154 853 2263 897 eos,
2308 842 2385 899 qui

259 918 520 960 sentcntiae
552 930 681 960 meae
713 916 987 969 obtrectant,
1021 912 1336 973 profligandos
1370 914 1444 958 vis
1476 914 1628 957 inesse
1660 912 1860 969 videtur,
1895 919 2106 973 quantam
2138 916 2385 959 acerrimus

259 991 363 1048 ejus
396 989 555 1049 populi
584 1002 755 1050 praeco
789 988 850 1034 ad
882 988 944 1044 id,
978 987 1100 1047 quod
1133 989 1220 1047 ipsi
1252 987 1421 1047 placet,
1455 986 1806 1032 confirmandum
1838 993 1984 1048 putat.
2049 988 2173 1034 Nam
2214 1002 2276 1040 ex
2308 988 2382 1033 al-

258 1069 359 1109 tera
381 1069 513 1124 parte
540 1065 614 1123 qui
636 1062 939 1109 Allemannos
974 1067 1213 1124 respectos
1249 1061 1363 1117 vult,
1397 1060 1550 1107 itidem
1583 1063 1625 1106 in
1660 1060 1816 1107 diariis
1849 1061 2045 1123 publicis
2073 1065 2123 1121 ¹)
2156 1062 2246 1110 hoc
2273 1065 2382 1123 jure

257 1153 344 1184 suo
378 1141 603 1199 regessit,
644 1137 753 1184 ideo
787 1153 878 1185 non
911 1139 1056 1184 licere
1091 1151 1210 1197 quae
1242 1137 1407 1181 similia
1439 1138 1750 1183 invenirentur
1789 1138 1871 1183 vel
1904 1138 2068 1199 parilia
2099 1140 2380 1199 antiquitatis

257 1228 403 1274 opera
436 1215 586 1259 omnia
618 1213 681 1258 ad
712 1227 989 1260 communem
1022 1215 1245 1272 originem
1278 1226 1527 1269 revocare,
1569 1212 1692 1271 quod
1723 1227 1799 1259 res
1842 1218 1890 1259 et-
1922 1227 1984 1258 ex
2016 1215 2199 1273 ingenio
2232 1228 2381 1274 popu-

255 1288 405 1335 lorum
437 1288 723 1335 finitimorum
754 1289 1066 1350 moribusque,
1100 1286 1189 1334 hoc
1222 1293 1316 1345 est,
1361 1288 1547 1334 internis
1581 1289 1734 1334 causis
1766 1287 2067 1350 ponderanda
2102 1292 2251 1346 esset,
2291 1303 2383 1335 non

258 1364 317 1409 ab
350 1366 452 1410 unis
484 1366 691 1410 externis
725 1378 928 1425 casuque
959 1363 1237 1425 repetenda,
1281 1377 1341 1408 ex
1375 1362 1525 1408 altera
1567 1366 1727 1424 negari
1770 1379 1860 1410 nou
1904 1369 2082 1426 potest,
2126 1364 2382 1411 Germano-

253 1455 349 1484 rum
392 1453 573 1499 quoque
620 1444 785 1498 gentes
829 1438 1077 1498 aliquando
1122 1440 1166 1482 in
1201 1439 1525 1482 remotissimas
1559 1443 1708 1483 terras
1740 1438 1885 1484 fuisse
1925 1439 2129 1484 diffusas·
2195 1438 2380 1484 Idcirco

256 1514 385 1559 aliud
430 1516 712 1574 quaestionis
746 1514 1080 1559 fundamentum
1118 1514 1213 1572 jaci
1262 1518 1458 1573 oportet,
1489 1527 1578 1572 quo
1611 1519 1983 1574 superstruantur
2024 1527 2142 1574 quae
2184 1527 2213 1557 a
2244 1512 2382 1559 rebus

256 1589 451 1636 Celticis
484 1595 736 1634 mutuamur
767 1589 988 1634 subsidia.
1056 1588 1192 1643 Quod
1227 1586 1405 1646 quidem
1438 1587 1559 1633 unde
1591 1602 1644 1632 se
1676 1588 1806 1633 nobis
1839 1589 2028 1644 offerat,
2062 1588 2181 1633 infra
2213 1587 2381 1649 expla-

253 1664 386 1709 nabo.
448 1664 590 1709 Nunc
640 1678 729 1709 non
770 1666 970 1721 reticeo,
1019 1662 1138 1708 male
1180 1678 1249 1707 me
1290 1661 1461 1707 habere
1503 1662 1626 1722 quod
1671 1665 1716 1707 in
1762 1663 1857 1708 illis
1898 1662 2055 1709 diariis
2101 1662 2162 1709 de
2202 1662 2381 1710 violato

255 1741 434 1799 patriae
476 1753 632 1784 amore
674 1741 833 1784 nescio
877 1754 965 1799 quo
1008 1741 1319 1792 criminentur,
1366 1739 1439 1796 qui
1486 1741 1798 1796 antiquitatum
1841 1739 2123 1785 Celticarum
2163 1753 2382 1801 perscru-

256 1820 431 1860 tatores
485 1813 609 1875 apud
652 1819 885 1860 nostrates
930 1816 1254 1875 perstringunt.
1317 1812 1374 1858 Id
1419 1814 1534 1859 enim
1584 1817 1758 1873 agitur,
1804 1819 1854 1860 ut
1894 1828 2054 1860 verum
2098 1813 2381 1876 indagemus,

256 1905 346 1935 non
379 1895 429 1935 ut
461 1888 635 1950 aliquid
667 1895 988 1951 praetexamus
1015 1889 1196 1951 gloriae
1219 1896 1427 1937 veterum
1448 1891 1788 1947 Germanorum,
1822 1905 1910 1951 quo
1943 1904 2001 1936 ne
2033 1896 2172 1951 egent
2201 1889 2381 1952 quidem

258 1967 353 2007 suis
386 1964 632 2009 virtutibus
665 1964 976 2024 splendentes.
1041 1967 1159 2009 Tum
1192 1980 1260 2010 me
1294 1981 1383 2011 non
1413 1968 1677 2026 perspicere
1710 1965 1885 2021 fateor,
1918 1964 2025 2025 quid
2053 1966 2171 2010 lucri
2203 1967 2250 2008 in
2281 1979 2376 2009 rem

257 2054 415 2084 eorum
446 2038 689 2094 redundet,
721 2038 844 2098 quod
877 2054 1028 2084 mores
1046 2040 1284 2084 Gallorum
1318 2048 1532 2099 artesque
1565 2043 1609 2084 in
1630 2042 1795 2084 nostris
1830 2040 2092 2099 regionibus
2124 2039 2186 2083 ad
2218 2042 2380 2085 interi-

257 2120 349 2159 tum
382 2115 532 2158 ruisse
576 2112 819 2169 dixerunt,
867 2128 928 2159 ex
972 2129 1059 2173 quo
1112 2129 1247 2160 sacra
1283 2115 1547 2161 Christiana
1590 2114 1779 2159 altiores
1829 2114 1891 2159 ibi
1934 2113 2115 2160 radices
2156 2116 2377 2174 egissent.

255 2189 380 2234 Nam
414 2189 456 2232 si
489 2186 739 2233 ostendere
770 2187 1032 2245 voluerunt,
1067 2196 1235 2250 quanta
1270 2192 1343 2236 vis
1377 2196 1502 2236 esset
1534 2194 1673 2250 atque
1694 2189 1904 2235 efficacia
1926 2188 2163 2235 doctrinae
2195 2194 2382 2236 nostrae

254 2264 474 2308 salutaris
507 2263 566 2307 ad
596 2263 864 2309 voluntates
897 2271 1192 2323 naturamque
1211 2266 1433 2310 hominum
1458 2265 1787 2321 immutandam,
1821 2264 1982 2310 eadem
2016 2279 2105 2310 non
2125 2266 2267 2311 minor
2296 2265 2383 2310 fuit

256 2342 299 2384 in
335 2340 667 2385 Germanorum
703 2341 861 2383 animis
895 2355 1025 2398 quam
1058 2342 1102 2383 in
1137 2341 1391 2397 Gallorum,
1425 2343 1494 2385 sin
1528 2347 1699 2396 autem,
1733 2340 1779 2385 id
1814 2340 1936 2399 quod
1968 2341 2262 2386 verisimilius
2294 2346 2380 2396 est,

253 2428 371 2474 qnae
420 2416 763 2460 innotescerent
816 2416 861 2459 iu
915 2414 1096 2471 Gallia,
1152 2416 1415 2472 Britannia,
1480 2416 1703 2463 Helvetia
1761 2417 2039 2476 antiquitatis
2094 2420 2378 2461 monumenta

256 2488 318 2534 ad
352 2494 494 2534 artem
528 2488 757 2536 Celticam
788 2490 947 2536 melius
982 2491 1352 2552 cognoscendam
1385 2491 1544 2537 faeere
1579 2495 1871 2554 putaverunt,
1905 2505 1993 2537 non
2029 2492 2134 2536 item
2168 2488 2229 2535 ad
2259 2491 2379 2536 anti-

254 2567 475 2624 quitatum
506 2570 762 2609 nostrarum
794 2565 993 2619 ‚indolem
1021 2566 1344 2626 judicandam,
1382 2567 1504 2627 quod
1538 2567 1728 2622 Celtae,
1761 2566 1951 2611 simulac
1983 2565 2173 2612 Christo
2205 2564 2381 2612 addicti

254 2645 434 2694 essent,
467 2645 611 2683 artem
643 2638 770 2684 suam
803 2640 1049 2686 dediscere
1082 2645 1360 2703 coepissent,
1394 2645 1553 2687 nescio
1584 2657 1642 2685 an
1674 2641 1763 2686 hoc
1795 2656 1885 2686 non
1918 2644 1977 2685 sit
2008 2655 2156 2685 rerum
2188 2646 2379 2687 naturae

254 2716 552 2761 conveniens.
617 2715 782 2761 Mirum
817 2718 951 2761 etiam
985 2723 1082 2772 est,
1124 2717 1247 2776 quod
1280 2719 1424 2763 numis
1455 2718 1760 2763 Romanorum
1804 2716 1864 2762 de
1897 2715 2154 2776 sepulchris
2186 2718 2379 2763 exemtis

257 2788 372 2834 nihil
405 2789 608 2836 tribuunt
639 2792 684 2836 in
718 2796 872 2838 aetate
905 2792 1224 2853 perquirenda.
1290 2792 1532 2841 Videlicet
1562 2794 1617 2840 iis
1641 2798 1730 2839 tum
1763 2791 1937 2839 demum
1958 2805 2051 2838 rem
2083 2790 2237 2840 decidi
2268 2805 2374 2839 cre-

319 2950 350 2999 1)
381 2951 875 3054 Ξ[.Β.;ἱ1ιξςοω.84ξείίυη3ι
917 2951 1039 2992 Noch
1076 2953 1142 2992 ein
1168 2954 1293 2994 Wort
1327 2954 1428 2994 iiber
1461 2953 1527 2994 die
1554 2951 1862 2993 Nordendorfer
1889 2953 2174 2994 Alterthiimer.
2231 2950 2286 2993 N.
2312 2951 2376 2994 35.

413 3041 421 3050 .
488 3025 510 3050 e
540 3026 571 3050 r.
604 3015 621 3053 1
708 3044 717 3053 .
