2645 3240
271 271 498 323 micae*
525 275 722 334 origini-
738 277 791 332 ¹)
821 273 1001 321 *nebinm
1041 279 1091 320 et
1121 273 1418 322 castelloru-
1448 273 1735 320 multitudine
1764 274 1967 334 opulenti
1990 275 2050 331 ²).
2111 274 2391 336 Qua-pan

267 347 552 397 minen
581 347 930 410 praecellebant
970 347 1265 408 bellandique
1305 346 1520 409 cupidine
1557 352 1608 394 *et
1638 348 1774 393 animi
1803 349 2003 394 saevitia
2034 354 2165 395 erant
2195 349 2388 406 efferati,

268 429 422 472 tanen
441 437 499 469 a·
508 423 669 471 nuno
701 422 764 471 ad
793 423 944 488 Alpes
973 423 1193 472 celeriter
1221 426 1331 469 suat
1358 420 1452 468 fusi
1482 420 1726 481 multi-qne
1754 421 1945 483 praeliis
1981 423 2048 468 ita
2076 425 2299 482 extern'ti,
2333 429 2385 471 nt

268 500 443 560 exiguo
473 498 576 545 eum
606 497 772 547 damno
802 502 1037 547 exercitus
1067 497 1262 545 Romani
1300 511 1393 543 una
1417 501 1617 544 aestate
1648 495 2023 558 perdo-arentur
2037 500 2102 557 ³).
2165 498 2387 549 Victores

270 574 603 620 validissimam
643 580 692 621 et
728 578 965 621 maximam
991 573 1255 633 juventutis
1285 577 1462 633 partem
1492 571 1601 617 inde
1632 572 1935 631 abduxerunt,
1977 575 2034 618 iis
2077 574 2278 633 relictis,
2310 578 2386 638 qui

264 654 318 697 et
361 647 563 697 colendo
615 665 728 712 agro
768 651 1037 697 mifficerent
1079 651 1128 693 et
1165 645 1228 693 ad
1257 646 1574 694 rebellandum
1606 662 1697 694 non
1728 650 1841 694 satis
1872 650 2039 696 virium
2068 647 2291 698 habereut
2313 652 2385 710 ⁴)

267 723 384 770 Inde
423 723 482 770 ab
520 723 611 772 hoc
651 730 858 787 tempore
896 720 1161 769 Vindelicia
1202 723 1248 767 in
1288 724 1559 784 provinciae
1588 723 1918 783 Imperatoriae
1961 722 2149 769 formam
2190 724 2385 772 redacta

265 798 486 845 &manis
514 796 937 861 obteniperabat5).
995 795 1085 852 Qui
1111 810 1245 857 quam
1273 796 1524 860 prudenter
1554 802 1603 843 et
1633 798 1965 858 circumspecte
2006 810 2083 842 res
2117 797 2383 857 ordinarint,

264 875 307 918 si
336 875 588 936 scriptores
620 878 812 919 veteres
844 876 1073 928 tacerent,
1119 871 1261 916 multa
1292 874 1540 918 vetustatis
1570 877 1871 928 monumenta,
1904 885 2023 932 quae
2052 877 2230 917 restant
2258 874 2384 935 apud

264 963 372 1006 nos,
415 952 707 994 testarentur.
772 946 890 992 Vias
922 947 1121 1007 inprimis
1161 945 1222 991 ad
1264 948 1471 993 itinerum
1513 952 1562 992 et
1591 953 1878 992 mercaturae
1917 946 2282 992 commoditatem
2313 951 2380 995 si-

269 1023 452 1083 mulque
492 1027 544 1066 nt
590 1020 824 1082 extemplo
864 1019 1083 1065 adessent
1131 1019 1192 1064 ad
1225 1021 1573 1081 provincialium
1603 1026 1751 1067 motus
1782 1021 2170 1082 comprimendos,
2212 1023 2253 1068 si
2287 1037 2376 1083 qua

264 1097 495 1142 libertatis
526 1094 730 1142 dulcedo
763 1096 935 1140 animos
959 1093 1188 1149 subiisset,
1221 1109 1303 1155 per
1332 1109 1488 1141 omnes
1518 1097 1786 1156 provinciae
1806 1101 1963 1155 partes
1983 1096 2222 1142 ducendas
2243 1110 2382 1143 cura-

261 1176 442 1219 verunt.
503 1168 749 1217 Praesidia
788 1171 833 1214 in
872 1167 1082 1215 castellis
1114 1182 1198 1230 per
1227 1171 1511 1230 provinciam
1554 1168 1789 1230 dispositis
1821 1169 2057 1216 collocata
2097 1175 2147 1216 et
2186 1173 2378 1217 nominis

262 1247 456 1295 Romani
510 1245 798 1305 maiestatem
837 1245 957 1289 intus
998 1244 1265 1290 imminutam
1304 1243 1556 1291 servabant
1585 1250 1634 1290 et
1664 1248 1886 1291 terrorem
1914 1244 2121 1292 hostibus
2151 1245 2269 1292 foris
2299 1248 2372 1292 in·

263 1320 509 1367 cutiebant.
572 1318 852 1366 Colonorum
883 1320 928 1363 in
959 1319 1244 1381 provinciam
1274 1317 1575 1365 deductorum
1604 1333 1794 1379 magnus
1828 1332 2039 1364 numerus
2073 1324 2174 1365 erat
2201 1321 2264 1377 ⁶),
2304 1323 2378 1382 qui

262 1395 498 1442 connubiis
526 1396 700 1454 junctis
741 1395 1015 1450 effecerunt,
1059 1398 1109 1438 nt
1159 1391 1327 1438 subditi
1358 1394 1578 1439 Romanis
1608 1393 1808 1440 moribus
1841 1398 1889 1439 et
1917 1395 2131 1440 institutis
2163 1395 2379 1456 paulatim

322 1646 356 1695 1)
384 1643 440 1684 cf.
467 1643 610 1682 Zeuss
639 1641 665 1679 l.
695 1652 732 1679 c.
784 1639 920 1680 Utrum
946 1638 1164 1692 indigenae
1194 1638 1342 1677 fuerint
1367 1650 1420 1677 an
1449 1638 1580 1678 coloni
1605 1640 1646 1679 in
1672 1640 1749 1679 has
1775 1640 1966 1693 regiones
1992 1641 2105 1680 missi
2145 1641 2223 1689 (cf.
2253 1640 2379 1680 Caes.

393 1705 488 1745 bell.
515 1703 610 1756 gall.
642 1700 780 1752 XVII,
812 1701 900 1749 24.)
937 1701 1156 1740 decernere
1182 1712 1263 1739 non
1289 1702 1428 1742 ausim.
1475 1700 1663 1740 Ceterum
1689 1707 1731 1741 et
1758 1700 1968 1741 Niebuhrii
1994 1703 2115 1741 liber:
2156 1703 2375 1742 Romische

397 1764 648 1806 Geschichte
674 1762 724 1802 11.
754 1768 782 1802 t.
810 1775 851 1813 p.
879 1763 970 1806 589.
999 1768 1039 1801 et
1065 1760 1288 1801 Rudhartiz
1315 1762 1500 1801 Aelteste
1527 1761 1682 1802 Gesch.
1709 1776 1751 1802 v.
1780 1763 1945 1814 Bayern
1972 1776 2013 1813 p.
2040 1764 2078 1805 6.
2106 1764 2277 1815 legatur.

317 1858 355 1907 ²)
383 1857 436 1899 cf.
462 1856 614 1906 Vellej.
642 1855 805 1894 Patere.
833 1853 884 1903 11,
911 1852 977 1894 95.

319 1950 354 1998 ³)
380 1949 460 1987 Dio
490 1946 667 1986 Cassius
695 1946 834 1984 histor.
861 1944 977 1984 Rom.
1004 1943 1116 1982 LIV.
1143 1943 1208 1983 22.
1235 1943 1344 1982 Flor.
1368 1944 1438 1984 IV.
1467 1944 1526 1986 12

316 2042 353 2091 ⁴)
379 2040 460 2080 Dio
489 2037 612 2077 Cass.
642 2038 669 2079 l
698 2049 732 2077 c.
767 2034 817 2078 τό
844 2051 890 2077 τε
918 2033 1147 2087 κρατιστον
1173 2035 1246 2075 καὶ
1272 2035 1480 2076 πλεῖστον
1509 2037 1586 2089 τῆς
1629 2032 1800 2090 ἡλικίας
1830 2032 1978 2077 αυτῶν
2006 2033 2218 2089 ἐξήγαγον
2245 2052 2378 2077 κατα-

393 2083 603 2149 λιπόντᾴς
639 2098 879 2145 τοσούτους
914 2093 1015 2138 όσοι
1053 2096 1132 2147 τήν
1166 2096 1247 2146 μὲν
1283 2094 1431 2149 χώραν
1464 2098 1601 2138 οἰκεῖν
1638 2097 1783 2138 ἱκανοὶ
1812 2100 2071 2148 νεωχμιῦσαι
2098 2096 2150 2138 δέ
2176 2112 2223 2138 τε
2262 2094 2376 2138 0:³61?-

388 2177 513 2204 νατοι
543 2155 668 2213 ἦσαν.
726 2159 794 2199 Ad
820 2158 926 2198 haec
953 2157 1058 2197 adde
1086 2157 1206 2196 Tacit
1243 2156 1351 2197 mat.
1388 2156 1420 2197 1.
1448 2158 1521 2201 68·
1575 2159 1676 2199 Inde
1704 2159 1877 2198 Raetiae
1913 2160 2002 2198 alae
2033 2158 2306 2210 cohortesque
2335 2165 2377 2199 et

391 2225 568 2273 ipsorum
594 2223 811 2260 Raetorum
832 2224 909 2270 juv
911 2225 1028 2257 entus
1056 2225 1178 2257 sueta
1204 2221 1322 2257 armis
1350 2226 1391 2258 et
1415 2232 1522 2259 more
1551 2220 1711 2259 militiae
1740 2223 1931 2260 exercita.

316 2326 352 2375 ⁵)
381 2323 540 2362 Nomen
579 2323 815 2372 provinciae
850 2320 1012 2360 inditum
1039 2324 1104 2357 est
1132 2320 1319 2369 Raetiae,
1348 2333 1454 2372 quae
1479 2327 1623 2360 terram
1650 2334 1800 2360 omnem
1829 2321 1921 2360 inde
1950 2323 1999 2360 ab
2026 2322 2202 2371 Alpibus
2230 2321 2281 2359 ad
2308 2322 2373 2359 la-

394 2397 482 2424 cum
507 2383 781 2436 Brigantinum
810 2383 1026 2432 fontesque
1052 2384 1230 2423 Danubii
1266 2390 1306 2423 et
1343 2385 1394 2422 ab
1421 2384 1487 2422 his
1515 2383 1696 2422 fontibus
1724 2383 1943 2423 secundum
1972 2384 2115 2422 flumen
2142 2382 2195 2420 ad
2223 2366 2378 2421 Oenum

403 2444 647 2486 continebat.
702 2443 935 2483 Posteriore
964 2449 1139 2497 tempore
1166 2446 1272 2485 hanc
1297 2445 1545 2497 provinciam
1582 2444 1638 2483 ita
1664 2443 1888 2484 diviserunt
1914 2444 2095 2494 Romani,
2121 2448 2164 2482 ut
2191 2444 2376 2494 superior

392 2518 489 2557 pars
517 2505 570 2545 ad
588 2507 719 2557 Alpes
745 2507 915 2556 „Raetia
930 2508 1092 2557 prina“
1092 2536 1105 2558 ‚
1130 2508 1324 2547 inferior·
1314 2520 1355 2546 m
1376 2508 1527 2557 campis
1553 2507 1781 2556 patentibus
1810 2508 1978 2559 „Raetia
2003 2506 2203 2544 secunda“
2230 2506 2376 2556 appel-

392 2568 554 2607 laretur.
607 2568 824 2620 Utramque
864 2574 1015 2619 partem
1053 2571 1216 2620 primum
1256 2569 1511 2619 Capitolinus
1565 2568 1802 2606 Raetiarum
1852 2568 2008 2605 nomine
2060 2566 2374 2618 comprehendit.

396 2632 470 2681 (cf.
498 2630 600 2680 Ejus
628 2630 822 2670 Pertinax
847 2631 886 2674 2.
913 2631 981 2670 ubi
1005 2632 1111 2670 haec
1133 2636 1251 2672 sunt:
1287 2630 1456 2669 Marcus
1483 2628 1700 2680 imperator
1724 2652 1780 2659 -
1805 2630 1936 2667 statim
1961 2629 2131 2668 Raetiae
2156 2628 2375 2668 Noricum-

396 2704 477 2743 que
504 2693 554 2731 ab
582 2691 769 2731 hostibus
797 2690 1056 2741 vindicavit).
1093 2693 1260 2731 Raetiae
1280 2696 1437 2743 prauae
1464 2696 1504 2729 et
1528 2692 1725 2730 secundae
1750 2704 1831 2731 non
1857 2692 1970 2742 prius
1997 2692 2142 2730 mentio
2168 2691 2224 2740 fit,
2256 2703 2376 2742 quam

394 2754 565 2794 saeculo
594 2754 730 2807 quinto
758 2754 799 2794 in
818 2752 971 2793 Notitia
990 2753 1237 2807 Dignitatum
1272 2756 1346 2806 (cf.
1377 2753 1544 2794 Graevii
1570 2751 1673 2796 thes.
1701 2754 1852 2806 antiqq.
1880 2753 1996 2794 Rom.
2023 2759 2052 2794 t.
2079 2751 2378 2805 v11.p.1977.

395 2813 449 2852 ed
475 2814 608 2868 bugd.
636 2816 761 2867 Bat.).
798 2815 1027 2856 Vindelicis
1054 2820 1207 2867 tamen,
1246 2817 1314 2867 qui
1349 2815 1671 2877 septemtrionem
1706 2828 1857 2856 versus
1892 2815 1986 2854 inde
2014 2827 2039 2854 a
2077 2816 2172 2855 lacu
2196 2816 2379 2868 Brigan-

393 2875 476 2914 tino
505 2876 632 2915 sedes
658 2876 875 2929 habebant,
901 2877 971 2918 diu
996 2890 1138 2919 nomen
1163 2890 1278 2918 suum
1303 2879 1462 2921 mansit

324 2978 362 3025 ⁶)
391 3005 416 3028 ,‚
405 2976 517 3028 ,Ego
556 2987 582 3014 a
621 2981 662 3016 te
700 2979 741 3016 in
767 2980 997 3020 Vindelicis
1026 3003 1069 3011 —
1103 2980 1276 3021 donatus
1304 2981 1451 3030 sum“,
1486 2980 1631 3019 milites
1668 2980 1845 3020 salutant
1879 2980 2084 3023 Tiberim
2123 2983 2378 3037 gratulantes

395 3037 504 3090 apud
529 3037 677 3090 Vellej.
707 3039 868 3081 Patere.
895 3040 945 3084 11.
979 3042 1067 3084 104.
