2645 3240
279 262 608 305 assuescerent
637 262 685 303 et
714 257 851 303 novis
871 256 1053 303 civibus
1084 272 1172 303 sua
1200 258 1334 304 bona.
1351 256 1602 319 probarent
1623 255 1699 314 ¹).·
1744 256 1920 318 Neque
1949 256 2067 304 eain
2096 252 2398 300 alienos-aas

280 335 400 381 citus
432 331 646 379 evellere
676 336 897 378 terrarum
928 331 1110 388 domiai,
1142 347 1274 395 quam
1304 347 1391 378 sua
1409 331 1581 378 inferre
1601 336 1650 377 et
1667 331 1892 379 mentibus
1907 327 2404 378 insinuare-abb*

406 408 481 455 Ita
513 409 852 454 communicatis
884 407 1138 454 rationibus
1164 410 1212 470 ²)
1244 407 1386 455 facile
1417 414 1490 454 est
1520 406 1582 453 ad
1613 405 1962 468 intelligendum
1989 412 2209 467 auosque
2236 404 2404 452 se*

282 487 327 530 in
359 499 494 530 unum
525 485 655 542 qnasi
685 496 857 543 corpus
888 482 1138 541 coaluisse,
1173 486 1310 545 cnjus
1338 486 1466 531 vires
1496 483 1623 528 laeta
1654 484 1936 528 incrementa
1964 478 2200 544 caperent·

411 557 614 605 Colonia
670 564 822 604 autem
868 572 1015 619 prope
1056 559 1115 604 ab
1159 573 1218 605 eo
1265 560 1373 606 loco
1405 558 1591 605 condita
1624 563 1711 615 est,
1742 571 1832 617 quo
1866 556 2025 603 Vinda
2055 560 2101 602 ia
2147 557 2309 603 Licum
2337 556 2410 600 in-

283 634 408 690 fluit,
456 633 569 680 Div.
608 624 824 694 >laqueti
860 635 1040 680 nomine
1081 634 1307 696 Augusta
1363 635 1653 682 Vindelicum
1699 633 1926 679 nominata
1951 632 2014 688 ³).
2043 651 2045 654 ⁴
2076 632 2131 678 In
2172 646 2231 678 ea
2278 643 2411 690 quun

281 708 426 755 sedes
457 709 802 768 magistratuum
834 714 963 753 esset
1009 723 1099 754 uon
1133 711 1296 754 annuis
1331 711 1555 771 imperiis,
1585 707 1671 754 sed
1700 706 1853 754 donec
1879 707 2242 768 Imperator-ibas
2268 705 2407 752 colli·-

281 783 460 828 huisset
504 784 790 844 provinciam
818 785 1070 841 regentium
1100 783 1287 842 duxque
1316 784 1502 828 militum
1533 790 1690 828 castra
1723 782 1913 828 haberet
1944 783 2110 843 posita,
2141 781 2408 827 neusciam

281 857 493 917 singulas
524 857 724 903 Raetiae
756 863 913 916 partes
946 857 1191 916 complexu
1221 871 1306 901 suo
1340 857 1617 913 continebat,
1649 856 1736 902 sed
1766 871 1867 902 cum
1898 859 2049 918 capite
2077 858 2213 901 etiam
2235 858 2408 917 imperii

281 934 385 994 ipso
417 962 481 972 —-
511 932 700 978 Romam
735 931 840 976 dico
872 958 934 968 —
966 931 1222 976 arctissime
1257 929 1554 977 cohaerebat.

411 1013 546 1058 Haec
577 1012 763 1057 colonia
794 1018 963 1072 quanto
996 1011 1307 1057 aedificiorum
1353 1012 1603 1075 splendore
1648 1014 1908 1072 civiumque
1947 1014 2083 1074 copia
2115 1019 2163 1058 et
2193 1011 2409 1072 frequen-

283 1091 349 1134 tia
381 1094 669 1134 mercaturae
702 1102 809 1132 mox
840 1088 1058 1143 floruerit,
1092 1088 1247 1133 Taciti
1282 1090 1539 1134 testimonio
1579 1087 1766 1134 videtur
1797 1089 2006 1148 pervinci
2038 1102 2180 1149 posse
2196 1091 2255 1145 ⁴).

405 1169 483 1214 Ab
547 1168 660 1213 urbe
718 1167 1089 1229 splendidissima
1143 1174 1194 1213 ut
1252 1174 1464 1215 arcerent
1513 1168 1708 1215 hostiles
1774 1168 2096 1230 impressiones
2143 1169 2406 1229 imperiique

281 1245 550 1305 dignitatem
599 1248 861 1300 tuerentur,
906 1256 1091 1305 operum
1142 1245 1387 1289 munitione
1423 1244 1678 1290 Danubium
1729 1244 1892 1289 flumen
1937 1242 2189 1289 firmissime
2240 1256 2406 1305 sepse-

339 1442 371 1488 1)
399 1442 455 1490 cs.
496 1440 697 1478 Jaumann
725 1439 749 1477 l.
779 1449 815 1476 c.
855 1450 893 1489 p.
921 1438 985 1479 66.
1026 1443 1066 1476 ct
1111 1438 1195 1480 197.
1235 1444 1276 1477 et
1303 1439 1434 1478 Tacit.
1464 1439 1571 1477 Hist.
1599 1437 1648 1478 11.
1679 1437 1777 1480 223:
1801 1457 1856 1467 —
1884 1438 2034 1489 quippe
2062 1442 2103 1477 et
2128 1437 2404 1489 provinciales

412 1507 532 1540 sueto
574 1503 734 1539 militum
773 1501 1034 1538 contubernio
1072 1500 1305 1552 gaudebant
1339 1502 1522 1552 plerique
1562 1498 1935 1539 necessitudinibus
1972 1505 2014 1538 et
2040 1501 2405 1552 propinquitatibus

411 1564 534 1604 mixti.

334 1636 375 1687 ²)
404 1636 615 1676 Staelinus
645 1647 763 1687 quum
794 1634 982 1685 dixisset,
1012 1641 1226 1675 memoratu
1249 1635 1410 1689 dignum
1445 1647 1557 1685 esse,
1580 1646 1686 1686 quae
1717 1634 1866 1673 fnisset
1895 1645 2098 1674 sacrorum
2124 1637 2228 1675 inter
2249 1634 2405 1675 Roma-

409 1710 489 1737 nos
505 1704 547 1736 et
566 1698 842 1748 provinciales
856 1700 1075 1736 communio
1089 1704 1129 1736 et
1146 1699 1322 1748 mutatio,
1349 1698 1531 1736 omnibus
1552 1697 1638 1735 fere
1650 1698 1754 1735 locis
1770 1695 2025 1735 Gallicarum
2042 1698 2280 1747 religionum
2296 1698 2405 1748 apud

413 1772 492 1799 nos
524 1757 786 1798 animadverti
814 1762 996 1811 vestigia
1025 1760 1176 1798 addidit
1211 1761 1298 1810 (cf.
1330 1760 1355 1797 l.
1388 1771 1424 1798 c.
1464 1772 1501 1810 p.
1538 1759 1626 1801 111.
1656 1759 1763 1805 rell.)
1815 1758 1988 1797 Deorum
2021 1760 2264 1808 nominibus,
2295 1771 2403 1810 quae

415 1824 704 1867 commemorat,
741 1819 934 1858 Mercurii
969 1823 1085 1860 etiam
1121 1822 1342 1859 Cimiacini
1374 1820 1542 1874 adJungi
1577 1825 1714 1872 potest
1747 1831 1844 1858 arae
1879 1819 2034 1860 cuidam
2063 1826 2148 1863 vot.
2174 1821 2403 1873 Antiquarii

412 1882 540 1920 nostri
567 1883 623 1919 ita
650 1882 903 1932 inscriptum:

1006 1955 1120 1994 1)Εο

900 2015 1200 2056 MERcvmo

902 2077 1209 2116 cmlAclNo

897 2138 1070 2177 ARAM
1097 2137 1407 2178 TVRARIAM

894 2201 942 2237 Μ
967 2200 1303 2240 PATERNIVS

895 2260 1127 2300 vrrAms
1157 2261 1260 2310 ονε

894 2323 1096 2361 Amnum
1122 2323 1295 2362 Facu*
1323 2323 1397 2360 ET

900 2383 1126 2424 SIGNVM
1152 2384 1364 2424 Posvl'r

946 2448 1000 2487 V.
1030 2446 1074 2486 S.
1106 2446 1156 2485 1..
1184 2445 1234 2486 1..
1261 2445 1318 2487 M.

891 2508 1150 2548 DEDICAT
1177 2507 1236 2546 111
1262 2508 1380 2546 ΚΑΒ
1403 2508 1675 2547 OCTOBER

897 2569 1194 2611 GuNruNo
1223 2571 1297 2608 ur
1334 2571 1523 2612 nasso
1557 2562 1671 2611 co‘s

481 2632 538 2682 cf.
570 2632 881 2672 Jahresbericht
914 2632 990 2671 des
1026 2630 1168 2670 histor.
1196 2632 1375 2673 Vereins
1412 2635 1462 2672 im
1494 2633 1854 2674 Oberdonaukreis
1891 2633 2004 2676 1835.

327 2704 366 2753 ⁸)
393 2704 488 2743 Hoc
518 2717 662 2743 nomen
698 2705 883 2743 coloniae
922 2705 1084 2756 primum
1122 2703 1230 2756 apud
1248 2704 1520 2744 Ptolemaeum
1554 2705 1628 2757 (n,
1650 2706 1717 2757 13)
1737 2705 1896 2760 legitur,
1928 2705 2096 2758 saepius
2117 2705 2159 2743 in
2180 2704 2397 2757 lapidibus.

403 2767 472 2818 Cf.
508 2766 668 2806 Gruter.
698 2766 869 2805 indicem
899 2772 941 2804 et
968 2766 1134 2804 Raiseri
1159 2779 1295 2818 opera.
1350 2768 1586 2807 Damasiam
1613 2780 1745 2807 arcem
1776 2764 2069 2821 (ἀκρόπολιν),
2097 2770 2215 2817 quus
2246 2767 2398 2806 Strabo

400 2829 428 2867 l.
460 2830 530 2880 lv,
565 2841 601 2868 c.
635 2831 674 2868 8.
715 2840 756 2880 p.
792 2826 881 2868 324.
926 2827 978 2866 ed
1013 2826 1207 2870 Krameri.
1242 2829 1338 2877 (καὶ
1371 2826 1399 2884 ἧ
1427 2831 1515 2871 τῶν
1545 2829 1797 2872 Λικαττίων
1827 2824 2003 2882 ὥςπερ
2035 2825 2270 2884 ἀκρόπολις
2299 2831 2396 2870 Δα-

397 2893 534 2942 μασί
549 2896 599 2940 α)
655 2892 894 2930 mentionem
935 2889 1056 2938 facit,
1108 2896 1202 2929 ante
1250 2890 1516 2930 Romanorum
1558 2892 1774 2931 adventum
1821 2889 1961 2931 eodem
2003 2892 2094 2931 loco
2129 2890 2277 2941 fuisse,
2317 2891 2398 2929 etsi

404 2956 656 2995 recentiores
686 2955 842 3008 aliquot
880 2957 1104 3007 scriptores
1137 2952 1353 3006 affirmant,
1380 2958 1510 2993 tamen
1538 2956 1613 2996 vix
1640 2952 1890 2994 crediderim.

326 3026 362 3077 ⁴)
391 3028 447 3077 cf.
487 3028 618 3067 Tacit.
657 3026 708 3066 de
739 3027 871 3070 Germ.
908 3040 945 3068 c.
977 3028 1045 3071 41.
