2645 3240
245 245 774 305 muraenuspieua
790 247 960 299 essent,
992 247 1256 288 ornamenta
1283 243 1648 304 lineamentaque
1667 242 1752 288 illa
1782 241 2077 301 accederent,
2108 258 2227 305 quae
2257 245 2360 292 no-

247 318 704 380 nnum-opificum
735 320 862 363 more
892 316 955 362 ad
986 319 1198 362 amussi-
1228 309 1384 364 essent
1414 318 1567 364 ducta.
1631 318 1696 364 Ut
1727 323 1884 363 autem
1906 323 2050 363 artem
2071 318 2238 364 ferrum
2271 319 2361 365 du—

246 398 611 454 rat-vergente
630 392 750 438 illito
781 390 863 438 vel
893 389 1187 438 ferruminato
1214 391 1536 454 distinguendi,
1568 393 1705 452 eujus
1725 391 2173 453 Nordeudorpeusia
2202 401 2362 441 nostra

247 469 355 531 plu
383 477 517 513 numu
549 468 779 528 specimen
810 465 1086 522 exhibeant,
1126 480 1157 510 a
1188 466 1459 527 Byzantinis
1490 468 1692 528 inprimis
1732 465 1985 511 factitatam
2028 480 2137 512 esse
2165 473 2362 524 constet,

247 545 314 588 ita
355 543 592 600 imaginum
624 540 901 600 quarundam
945 542 989 583 in
1038 542 1095 583 iis
1125 542 1341 600 picturam
1373 544 1527 585 miram
1568 546 1616 585 et
1648 555 1677 583 a
1708 546 1873 584 natura
1906 543 2008 601 ipsa
2039 540 2361 586 abhorrentem

248 618 363 663 artis
392 629 480 661 nos
511 613 756 662 admouere
786 615 990 674 gentium
1023 614 1304 660 orientalium
1334 617 1566 677 propriae.

286 716 289 719 ⁴
337 688 475 738 --Sed
498 689 678 736 minoe
707 687 829 735 baud
875 689 975 734 scio
1006 702 1064 733 au
1097 689 1185 735 Vir
1226 681 1513 736 acutissimus
1544 689 1769 750 deceptus
1802 691 1887 746 sit,
1930 688 2055 749 quod
2086 696 2359 735 mortuorum

247 764 437 812 duorum
468 768 514 811 iu
545 779 661 827 agro
681 761 1095 825 Nordeudorpensi
1125 766 1316 827 positum
1340 765 1528 811 similem
1560 765 1706 810 fuisse
1736 763 1880 809 refert
1912 765 2031 824 ejus,
2064 778 2152 825 quo
2185 780 2214 809 a
2238 765 2361 812 Ger-

245 843 390 886 manis
421 842 617 901 antiquis
648 840 816 884 heroes
848 845 928 882 aut
959 842 1213 898 posteriore
1257 847 1460 901 tempore
1496 839 1709 887 Carolus
1739 841 1994 901 Imperator
2026 840 2198 885 conditi
2241 847 2358 886 suut.

245 915 415 975 Neque
447 917 563 960 euim
596 913 719 958 ullus
762 927 936 968 eorum,
970 915 1042 973 qui
1083 916 1127 958 in
1168 914 1439 961 effodiendis
1480 914 1739 975 sepulchris
1783 916 1997 974 occupati
2031 920 2186 970 erant,
2229 921 2359 960 certo

245 988 369 1042 mihi,
406 988 633 1033 affirmare
688 990 860 1049 potuit,
919 1001 972 1033 se
1029 988 1166 1034 talem
1225 991 1340 1034 situs
1401 1004 1583 1034 ossuum
1637 989 1990 1051 discrepantiam
2040 988 2231 1035 vidisse.
2294 989 2360 1034 Et

246 1065 424 1108 nimium
464 1063 601 1107 etiam
642 1064 826 1122 ingenio
867 1062 1113 1108 indulsisse
1143 1062 1330 1109 videtur
1371 1064 1574 1123 globulis
1614 1064 1706 1108 illis
1752 1066 1909 1121 caviS,
1953 1066 2028 1123 qui
2068 1066 2114 1108 in
2157 1070 2362 1109 extrema

248 1143 381 1199 parte
413 1142 608 1183 catenae
636 1136 842 1183 aheneae
873 1151 1012 1198 supra
1040 1143 1315 1184 memoratae
1346 1140 1557 1198 suspensi
1588 1144 1707 1195 sunt,
1739 1154 1869 1198 quum
1900 1140 2036 1183 rimas
2068 1141 2240 1185 incisas
2270 1138 2359 1184 ha-

252 1213 414 1259 bereut
445 1210 507 1256 ad
537 1225 696 1257 sonum
730 1210 975 1269 edendum,
1020 1213 1230 1258 effectum
1262 1225 1369 1258 esse
1401 1212 1634 1269 scribens,
1675 1219 1724 1257 ut
1755 1226 1910 1258 omnes
1941 1214 2101 1258 tinnitu
2133 1213 2359 1260 exaudire

247 1291 453 1349 possent,
484 1288 525 1330 si
556 1288 656 1347 quis
687 1288 763 1332 vir
792 1286 925 1332 fortis
956 1288 1128 1332 virtute
1159 1301 1246 1331 sua
1277 1288 1475 1332 eminens
1507 1288 1551 1330 iu
1583 1286 1756 1347 vulgus
1784 1286 1930 1332 dicam
1963 1301 2021 1331 an
2055 1287 2117 1332 ad
2147 1303 2356 1349 pugnau-

245 1361 351 1406 dum
388 1361 677 1422 procederet.
741 1359 924 1422 Nempe
962 1366 1280 1423 praeterquam
1325 1360 1448 1422 quod
1489 1360 1601 1405 nihil
1643 1364 1763 1406 intus
1805 1366 1878 1406 est
1918 1363 1963 1406 in
1994 1361 2221 1422 globulis,
2266 1377 2355 1422 quo

243 1450 470 1482 concusso
501 1438 720 1497 strepitus
758 1438 869 1481 cieri
903 1438 1124 1497 potuerit.
1169 1436 1347 1495 globuli
1379 1438 1467 1497 ipsi
1497 1435 1637 1482 multo
1667 1438 1863 1482 minores
1896 1442 2024 1493 sunt,
2057 1452 2188 1497 quam
2219 1444 2270 1482 ut
2300 1440 2357 1482 iis

242 1510 483 1570 quidquam
515 1510 576 1556 ad
607 1513 742 1570 sigua
773 1510 926 1556 danda
958 1509 1214 1572 profectum
1246 1513 1319 1556 sit.

367 1585 541 1632 Verum
573 1591 633 1631 ut,
654 1585 716 1630 ad
746 1586 841 1631 alia
872 1586 1168 1648 progrediar,
1212 1602 1301 1633 non
1333 1588 1378 1631 iu
1411 1585 1550 1631 ullam
1582 1590 1762 1646 gentem
1795 1586 1939 1645 magis
1973 1584 2200 1644 quadrare
2239 1599 2357 1646 quae

241 1662 429 1706 inventa
460 1666 617 1706 essent
649 1675 778 1720 quam
811 1663 854 1705 in
887 1660 1050 1707 Celtas
1080 1664 1150 1717 iis,
1172 1676 1288 1722 quae
1321 1661 1381 1706 de
1413 1663 1726 1720 antiquitatum
1758 1662 1934 1720 origine
1965 1660 2026 1705 ad
2058 1660 2147 1705 hoc
2180 1667 2356 1721 tempus

244 1734 370 1780 dicta
402 1740 547 1790 erant,
580 1735 698 1779 alius
733 1736 819 1781 Vir
851 1735 1015 1781 doctus
1056 1749 1205 1781 rerum
1237 1738 1517 1796 antiquarum
1559 1734 1711 1779 studio
1745 1733 1909 1779 ductus
1943 1736 2177 1795 opposuit,
2223 1737 2356 1795 cujus

239 1824 402 1855 nomen
443 1812 489 1855 iu
539 1811 699 1855 diurna
729 1812 988 1870 Augustan.
1028 1814 1255 1872 scriptura
1298 1812 1432 1871 siglis
1461 1812 1529 1856 M.
1563 1811 1625 1855 K.
1670 1810 1915 1855 indicatum
1963 1816 2036 1854 est
2072 1813 2141 1867 ¹).
2203 1811 2352 1855 Nam-

241 1899 329 1944 que
362 1899 494 1944 qunm
525 1887 570 1930 in
603 1885 830 1930 confessis
863 1892 1002 1942 esset,
1034 1888 1100 1931 ita
1133 1893 1302 1931 tantum
1334 1900 1428 1930 rem
1449 1884 1694 1943 dijudicari
1726 1898 1881 1944 posse,
1914 1886 1952 1928 si
1986 1899 2105 1944 quae
2137 1899 2354 1930 erueren-

240 1965 315 2005 tur
347 1961 376 2003 e
407 1958 512 2004 solo
544 1973 688 2021 opera
719 1959 851 2005 nobis
897 1962 1055 2021 ignota
1086 1975 1185 2006 cum
1227 1961 1330 2005 aliis
1375 1959 1596 2017 similibus
1639 1960 1783 2019 iisque
1823 1960 1944 2004 notis
1986 1972 2354 2020 componeremus

240 2033 463 2093 simulque
493 2033 555 2078 ad
585 2035 968 2096 comprobandum
1000 2042 1207 2082 veterum
1254 2038 1528 2096 scriptorum
1561 2035 1826 2079 testimoniis
1870 2041 2120 2089 uteremur,
2165 2040 2353 2094 utraque

238 2108 419 2153 ratione
451 2109 572 2155 effici
605 2108 737 2166 dixit,
766 2116 815 2154 nt
847 2109 908 2155 de
940 2110 1023 2155 illa
1055 2110 1291 2158 Celtarum
1325 2116 1464 2170 gente
1495 2111 1811 2169 cogitaremus.
1877 2107 1996 2164 Quid
2015 2107 2167 2152 enim?
2197 2110 2353 2169 inquit,

238 2174 362 2228 Num
383 2181 495 2229 licet
520 2198 706 2230 munera
721 2184 1032 2247 sepulchralia
1063 2185 1125 2232 ad
1141 2185 1443 2232 Allemannos
1469 2183 1718 2230 bellicosos
1735 2188 1782 2228 et
1813 2182 1870 2227 ab
1896 2182 2069 2228 artibus
2097 2182 2352 2230 abhorren-

239 2264 317 2304 tes
350 2257 603 2315 vindicare,
636 2274 821 2319 quorum
853 2275 1041 2322 regnum
1073 2262 1345 2307 arctioribus
1369 2261 1529 2305 tinibus
1561 2260 1944 2319 circumscriptum
1965 2258 2113 2303 fuisse
2146 2264 2352 2320 apertum

238 2338 325 2389 est,
357 2348 489 2393 quum
520 2347 606 2393 per
646 2337 906 2381 universam
940 2336 1226 2382 Germaniam
1268 2350 1413 2395 nsque
1456 2334 1518 2379 ad
1561 2340 1793 2379 extremos
1824 2332 2197 2393 Septentriones,
2247 2336 2351 2392 quin

244 2409 334 2454 imo
367 2406 490 2469 apud
520 2408 793 2466 Britannos,
841 2410 1087 2467 Hibernos,
1120 2410 1318 2467 ScotoS,
1366 2409 1533 2457 Gallos
1565 2413 1791 2469 congesta
1821 2415 2119 2453 asserventur
2159 2407 2353 2469 plurima

238 2482 456 2539 artificio,
488 2495 674 2542 genere,
706 2487 895 2530 materie
926 2486 1020 2530 illis
1052 2485 1312 2531 simillima?
1343 2485 1513 2530 Nonne
1546 2490 1707 2530 contra
1738 2484 2016 2528 necessitate
2048 2481 2241 2540 quadam
2272 2498 2353 2527 ur-

236 2560 377 2616 gente
408 2555 694 2614 adducimur,
743 2563 793 2603 ut
823 2558 907 2604 illa
939 2560 1001 2605 ad
1033 2574 1117 2606 eos
1148 2563 1300 2622 potius
1332 2560 1608 2615 referamuS,
1651 2572 1835 2618 quorum
1868 2556 2099 2602 domicilia
2130 2557 2351 2602 latissime

204 2657 208 2660 «
237 2631 457 2692 patebant
488 2638 703 2692 artesque
736 2647 866 2693 quam
898 2636 1093 2680 maxime
1125 2633 1510 2681 celebrabantur?
1576 2634 1767 2695 Quippe,
1804 2630 1967 2678 Celtae
1999 2634 2114 2677 enim
2146 2646 2229 2692 per
2260 2631 2351 2675 ali-

237 2710 347 2766 quot
395 2707 587 2754 saecula
627 2714 718 2753 tum
771 2707 833 2754 ad
882 2707 1089 2756 Rhenum
1130 2710 1405 2771 Licumque,
1465 2715 1555 2755 tum
1607 2707 1668 2753 ad
1713 2707 1905 2771 Oenum,
1929 2707 2134 2763 Ivarum,
2183 2706 2350 2751 Danu-

235 2780 355 2827 bium
400 2780 705 2829 Romanorum
743 2784 928 2846 imperio
970 2784 1170 2845 subjecti
1220 2787 1266 2830 in
1308 2787 1404 2831 otio
1455 2785 1673 2830 mitiorum
1725 2784 1885 2828 artium
1926 2781 2209 2827 feracissimo
2264 2780 2352 2826 de-

238 2855 424 2917 gebant.
487 2857 568 2904 Ad
600 2857 686 2905 bos
718 2865 769 2906 ut
799 2859 1037 2907 redeamus
1082 2859 1375 2907 admonemur
1405 2865 1608 2922 tempore
1641 2861 1765 2921 ipso,
1809 2856 1929 2917 quod
1971 2858 2246 2902 contrarium
2279 2862 2353 2902 est

295 3008 328 3058 ¹)
355 3009 411 3059 cf.
440 3009 698 3063 Allgemeine
724 3012 907 3065 Zeituug
933 3010 986 3052 N.
1012 3012 1078 3055 20.
1104 3013 1206 3052 Beil.
1233 3013 1299 3055 20.
1328 3010 1415 3051 Iun.
1445 3009 1557 3050 1845.
2053 3074 2085 3119 4
