2645 3240
266 266 612 327 antiquitatibus
652 266 894 312 Germanis
928 278 1018 308 una
1048 264 1239 311 collecti
1273 272 1451 323 essent,
1482 266 1532 312 id
1562 281 1654 313 uon
1685 272 1841 316 uirum
1870 284 1980 317 osse
2009 269 2155 325 dixit,
2165 276 2390 330 Μ

262 346 340 389 tim
374 357 507 401 quum
541 340 784 396 Germani,
829 338 1047 399 quidquid
1079 354 1142 386 ex
1171 341 1477 388 Romanorum
1507 343 1698 403 imperio
1741 351 1983 407 superstes
2022 349 2176 401 esset,
2216 341 2390 390 αἱδί

262 419 437 464 lissime
467 416 785 471 devastantes,
819 419 970 459 tamen
998 429 1117 475 quae
1143 415 1399 463 arriderent
1428 416 1488 462 ab
1518 418 1703 463 interitu
1729 432 1941 467 servare
1956 424 2162 483 possent,
2192 424 2244 465 ut
2264 429 2389 476 seue,

263 495 423 551 credo,
456 496 582 554 ipsos
615 493 671 536 iis
705 495 936 536 ornarent.

386 567 611 626 Equidem
647 564 755 624 quid
788 564 849 610 de
881 564 971 610 hac
1013 565 1273 611 Willoelmii
1301 569 1516 627 opinione
1547 569 1761 622 sentiam,
1801 567 1943 612 facile
1972 567 2260 629 supersedeo
2297 581 2389 613 ccx-

266 657 454 707 ponere.
521 642 693 700 Liqnet
727 640 844 684 enim
877 653 940 684 ex
971 641 1042 695 iis,
1077 654 1195 698 quae
1228 648 1389 685 contra
1420 641 1540 687 alios
1572 643 1736 698 monui,
1768 655 1852 687 cur
1880 640 2052 686 nullam
2092 656 2233 703 posse
2264 641 2388 688 Ger-

264 734 496 766 manorum
527 717 798 762 mentionem
831 715 958 773 injici
991 715 1258 760 existimem.

391 796 556 852 ltaque
588 793 723 837 etiam
756 787 862 833 mihi
895 788 1081 835 videtur
1110 791 1225 833 satis
1258 802 1365 834 esse
1387 789 1531 835 verbo
1554 789 1800 847 indicasse,
1833 789 1957 851 quod
1980 789 2070 835 Vir
2088 789 2386 846 clarissimus,

264 872 339 933 qui
372 868 520 915 ordini
555 864 821 912 academiae
854 863 1108 909 litterarum
1138 864 1437 910 Monacensis
1469 862 2061 927 philosopho-philologico
2093 870 2167 910 est
2195 864 2255 911 ab
2286 865 2387 927 epi-

259 947 418 1003 stolis,
451 946 495 989 in
529 955 752 988 consessu
792 941 1032 985 societatis
1073 939 1379 1000 amplissimae
1409 940 1561 1002 palam
1594 947 1667 986 est
1700 941 1964 1002 professus,
2000 954 2092 986 uon
2122 953 2265 1002 pesse
2288 939 2387 985 du-

262 1022 411 1076 bitari,
444 1020 549 1078 quin
593 1028 737 1077 opera
768 1017 959 1059 inventa
993 1014 1233 1059 Germanis
1266 1014 1574 1060 adscribenda
1605 1022 1781 1070 essent,
1824 1018 1915 1077 qui¹
1939 1018 2120 1061 nomine
2149 1016 2388 1076 Bury-m-

263 1098 470 1149 dionum,
507 1093 914 1144 daemonicorum,
948 1088 1364 1153 Bajonvariorum
1395 1095 1609 1136 vertente
1641 1091 1833 1137 saeculo
1865 1097 2029 1151 quarto
2062 1092 2307 1150 quintoque
2340 1090 2399 1134 iu‘

260 1186 360 1217 eam
373 1172 570 1215 Raetiae
581 1166 633 1211 N
635 1167 840 1224 oricique
855 1170 1044 1226 partem,
1068 1179 1185 1223 quae
1205 1169 1277 1209 est
1298 1168 1414 1211 citra
1426 1166 1577 1226 Alpes
1592 1166 1991 1226 septentrionales,
2020 1166 2300 1224 ingruisseut
2323 1164 2384 1220 ¹).

384 1245 576 1298 Restat,
623 1245 674 1285 ut
722 1240 972 1283 summatim
1005 1241 1250 1299 attingam,
1300 1254 1417 1299 quae
1457 1240 1692 1298 Platzer,
1733 1241 1974 1302 professor
2014 1238 2385 1298 Noomin-gensis,

262 1322 449 1382 scripsit
485 1313 551 1375 ἐι).
617 1317 666 1362 Is
699 1316 838 1374 igitur
870 1313 1098 1359 coloniam
1129 1317 1327 1362 militum
1359 1318 1707 1363 limitaneorum
1739 1318 1782 1361 in
1817 1329 1933 1376 agro
1964 1312 2384 1375 Nordeudorpeusi

266 1396 558 1443 constitutam
595 1391 741 1435 fuisse
772 1394 899 1433 ratus
932 1391 1118 1449 primum
1150 1388 1269 1435 locis
1299 1389 1474 1450 aliquot
1506 1392 1777 1451 scriptorum
1810 1390 2115 1437 Romanorum
2146 1391 2191 1433 in
2236 1386 2386 1432 medio

266 1470 518 1533 propositis
545 1469 611 1522 ³),
645 1464 808 1524 quibus
843 1463 902 1507 de
923 1464 1157 1508 beneficiis
1184 1467 1336 1523 agitur
1367 1466 1424 1509 ab
1444 1466 1792 1524 imperatoribus
1823 1467 1869 1509 in
1892 1464 1979 1508 hos
1998 1464 2165 1508 milites
2192 1468 2384 1507 vetera-

258 1560 434 1604 nosque
467 1543 680 1595 collatis,
730 1543 942 1597 quantum
983 1538 1044 1583 ad
1086 1541 1370 1599 provinciam
1413 1539 1813 1585 administrandam
1857 1541 2122 1600 imperiique
2175 1537 2385 1597 dignita-

262 1629 352 1666 tem
386 1617 656 1671 interfuerit,
689 1613 859 1659 milites
892 1612 953 1658 ibi
989 1613 1211 1658 excubias
1244 1621 1438 1673 agentes
1472 1621 1521 1660 ut
1552 1614 1786 1660 fortissimi
1818 1620 1974 1661 essent
2006 1620 2055 1660 et
2084 1613 2384 1659 strenuissimi

258 1683 503 1757 siguificat,
538 1689 706 1736 deinde
741 1687 953 1744 castella,
987 1703 1174 1747 quorum
1194 1691 1397 1750 vestigia
1417 1691 1671 1735 etiamnunc
1705 1694 1890 1734 exstent
1934 1691 1978 1733 in
2013 1687 2210 1734 collibus
2232 1683 2384 1733 Drus-

256 1771 491 1823 hemianis,
525 1767 718 1810 maxime
740 1763 910 1808 idonea
949 1763 1093 1807 fuisse
1126 1763 1280 1820 docet,
1311 1767 1356 1808 in
1389 1764 1548 1823 quibus
1581 1764 1814 1825 praesidia
1844 1765 2029 1809 militum
2059 1778 2144 1824 per
2177 1768 2382 1822 quartum

257 1848 546 1907 quintumque
580 1841 859 1902 potissimum
891 1837 1126 1882 saeculum
1157 1841 1516 1900 imponerentur,
1566 1847 1615 1885 ut
1646 1841 1931 1886 incursiones
1964 1838 2161 1884 hostium
2192 1844 2284 1883 tam
2323 1836 2382 1882 ab

258 1921 475 1980 Augusta
516 1915 867 1962 vindelicorum
909 1927 1041 1971 quam
1083 1928 1112 1957 a
1154 1920 1285 1974 parte
1330 1914 1481 1959 limitis
1525 1916 1709 1960 Raetici
1761 1921 1995 1971 arcerent,
2047 1919 2277 1975 postremo
2320 1914 2387 1957 ita

262 1993 524 2048 concludit,
566 1998 616 2036 ut
647 1990 704 2034 ab
738 1991 810 2033 liis
841 1993 958 2048 ipsis
992 1992 1215 2036 militibus
1246 1992 1508 2045 limitaneis,
1542 2005 1745 2050 quorum
1777 1992 1982 2050 confusa
2009 1992 2165 2049 fuerit
2194 1996 2242 2034 et
2270 2003 2385 2048 per-

259 2073 415 2115 mixta
447 2083 511 2111 ex
544 2066 780 2110 Romanis
814 2065 1060 2124 Gallisque
1092 2068 1247 2118 natio,
1290 2066 1490 2123 inprimis
1522 2072 1673 2109 autem
1706 2065 1765 2109 ab
1796 2065 2027 2124 equitibus
2055 2063 2384 2118 Stablest'anis,

261 2157 376 2203 quos
406 2141 591 2186 Notitia
623 2139 908 2197 Dignitatum
941 2140 1163 2193 nominet,
1200 2139 1251 2193 ⁴)
1295 2143 1497 2183 mortuos
1540 2151 1598 2182 eo
1632 2143 1857 2198 tempore,
1902 2151 1991 2196 quo
2024 2135 2385 2183 Christianorum

260 2216 545 2263 ceremonias
572 2214 669 2272 jam
702 2211 1011 2269 adsciverint,
1059 2211 1121 2256 ad
1153 2213 1303 2258 vicum
1335 2211 1644 2257 Nordendorf
1684 2211 1894 2257 humatos
1935 2224 2042 2256 esse
2082 2209 2384 2256 confidentius

259 2293 566 2423 affil’ssxtque’
608 2361 843 2406 fatendum
888 2364 1003 2405 enim
1046 2366 1139 2415 est,
1181 2360 1322 2405 habet
1361 2360 1451 2405 hoc
1497 2366 1771 2420 postremum
1813 2326 2008 2420 affluam
2049 2359 2384 2421 Pf⁰b⁸b¹l¹t⁸fi⁸

320 2540 353 2585 1)
380 2538 434 2586 ef.
466 2533 695 2573 Mfinchner
720 2531 905 2585 gelehrte
933 2532 1162 2584 Anzeigen.
1191 2530 1245 2571 N.
1274 2532 1305 2571 Ι.
1333 2529 1478 2583 Jahrg.
1510 2530 1624 2573 1845.

315 2601 356 2650 ²)
385 2602 441 2651 cs.
473 2589 879 2639 Collectaussu-Blatt
895 2598 958 2637 fiir
976 2597 1041 2636 die
1062 2597 1316 2637 Geschichte
1330 2598 1527 2650 Bayerns,
1558 2596 1856 2636 insbesondere
1873 2597 1936 2635 ffir
1955 2595 2020 2636 die
2036 2595 2288 2636 Geschiclxte
2315 2597 2387 2636 der

394 2661 516 2700 stadt
541 2660 754 2711 Neuburg.
808 2658 972 2710 Neubg.
1003 2658 1117 2701 1843.
1145 2657 1218 2696 111.
1256 2660 1379 2707 nen,
1417 2658 1486 2699 111.
1521 2659 1598 2700 Bd.
1654 2659 1705 2697 In
1740 2659 1808 2697 his
1840 2659 1990 2697 libellis
2027 2670 2148 2708 quum
2171 2660 2292 2698 multa
2316 2661 2384 2698 in-

393 2725 476 2763 sint
504 2722 557 2761 ad
585 2720 866 2761 excutiendam
894 2721 1047 2772 antiqui
1074 2721 1263 2771 temporis
1290 2722 1514 2762 memoriam
1541 2732 1689 2774 magua
1716 2734 1804 2762 cum
1831 2720 2043 2774 diligentia
2069 2726 2290 2774 congesta,
2314 2720 2384 2760 lit-

391 2790 562 2824 terarum
579 2795 709 2823 causa
736 2782 948 2834 optandum
977 2788 1056 2833 est,
1080 2788 1125 2822 ut
1148 2783 1270 2828 latius
1299 2782 1572 2837 divulgentur,
1600 2796 1716 2836 quam
1745 2784 1880 2825 adhuc
1907 2783 2056 2823 factum
2084 2795 2183 2824 esse
2209 2783 2383 2824 videtur.

320 2851 358 2900 ³)
388 2851 548 2890 citatur
572 2855 705 2889 autem
734 2848 989 2899 Lampridius
1016 2850 1057 2886 iu
1083 2851 1170 2887 vita
1192 2849 1419 2889 Alexandri
1443 2850 1592 2890 Severi
1620 2862 1657 2892 c.
1688 2852 1767 2901 57„
1809 2850 2064 2901 Capitolinus
2093 2850 2136 2889 iu
2161 2851 2248 2889 vita
2261 2848 2386 2888 Probi

394 2925 432 2950 c.
464 2913 540 2961 14„
570 2911 742 2950 Codicis
771 2910 980 2949 Theodos.
1007 2916 1085 2948 tom
1121 2911 1172 2948 11.
1219 2913 1305 2950 libr.
1334 2913 1428 2951 vn.
1459 2913 1537 2951 Tit.
1566 2913 1664 2953 XV.
1693 2926 1734 2963 p.
1761 2912 1852 2955 398.
1890 2912 1942 2951 ed
1967 2913 2134 2962 Ritteri,
2171 2912 2385 2966 Vopiscus

396 2974 436 3011 in
460 2974 547 3012 vita
565 2972 687 3012 Probi
717 2983 754 3012 c.
785 2971 864 3024 16„
896 2970 1001 3012 Cod.
1030 2970 1189 3013 Theod.
1214 2973 1301 3016 libr.
1333 2974 1428 3015 vu.
1457 2974 1538 3015 Tit.
1565 2974 1663 3017 XX.
1691 2979 1733 3014 et
1757 2974 1891 3017 ml.
1917 2974 2010 3016 Lib.
2035 2973 2109 3017 XI.
2136 2972 2217 3014 Tit.
2244 2971 2358 3015 xvi.

318 3038 357 3088 ⁴)
387 3049 424 3076 c.
451 3039 516 3080 82.
542 3052 583 3090 p.
613 3039 727 3082 1978.
756 3039 809 3080 ed
837 3039 1017 3088 Graevii.
