2645 3240
1283 52 1352 107 11

383 201 660 250 flaturum
707 199 905 257 denique
951 198 1124 243 formas
1185 200 1409 244 minianum
1456 197 1696 245 duodecim
1754 199 1893 244 certi·
1942 198 2205 258 quibusdam
2252 204 2375 249 notis

258 278 557 339 distinguere
587 280 737 336 potes.
798 272 1094 320 Amentataeffl
1117 276 1235 320 enim
1264 278 1576 330 numerantur,
1620 273 1877 334 oblongae,
1919 276 2226 335 acuminatae,
2269 278 2375 324 lon-

257 355 417 415 giores
447 351 704 404 breviores,
737 349 995 392 crassiores
1027 351 1280 404 tenuiores,
1325 355 1371 393 et
1404 348 1465 393 ad
1497 347 1748 392 feriendum
1791 353 1838 392 et
1869 346 1931 391 ad
1958 349 2254 406 jaculandum
2285 367 2374 413 ap-

253 433 345 473 tae.
407 425 712 476 Romanorum
744 421 942 467 dicerem
964 417 1150 497 pila'et
1179 423 1393 480 lanceas,
1427 436 1634 483 quaeque
1665 421 1819 469 Gallis
1850 421 2181 483 Germanisque
2211 425 2255 468 in
2287 441 2372 471 usu

254 501 401 555 eraut,
432 501 645 553 materes,
677 510 836 556 gaesa,
868 497 1066 544 frameas
1084 498 1302 544 confusas
1333 504 1381 543 et
1413 499 1662 559 permixtas
1692 511 1776 543 nos
1801 496 1986 554 habere,
2019 498 2059 543 si
2092 498 2153 544 de
2177 498 2372 545 telorum

253 573 511 621 simulacris
541 574 659 618 inter
689 574 819 620 viros
852 571 1019 620 doctos
1069 579 1316 623 constaret.
1381 572 1553 632 Modus
1585 571 1881 633 longitudinis
1922 578 2001 618 aut
2032 572 2260 635 bipedalis
2290 581 2371 621 aut

250 650 283 695 9
314 649 559 709 digitorum
601 654 681 694 aut
711 649 884 695 medius
931 651 1049 696 inter
1089 663 1190 696 eum
1222 663 1448 694 numerum
1494 653 1588 704 est,
1632 647 1881 693 latitudinis
1913 651 1975 709 ἓξ
2017 648 2200 709 digitor.
2244 651 2305 696 ad
2339 657 2369 713 ξ

251 730 390 785 atque
422 724 544 770 adeo
568 724 628 769 ad
650 730 680 786 λ’-
710 725 857 785 digiti.
922 726 1114 771 Ferrum
1138 716 1413 787 spiculorum
1443 723 1722 783 quorundam
1749 723 2031 768 durissimum
2067 730 2141 770 est
2172 733 2219 771 et
2250 741 2367 788 pon-

250 800 363 846 dere
403 802 537 846 etiam
575 804 904 861 gravissimum.
960 802 1010 848 In
1045 801 1361 856 foraminibus,
1413 814 1497 862 per
1528 814 1646 860 quae
1698 798 1886 845 hastilia
1917 801 2090 846 inserta
2137 808 2269 848 erant
2318 809 2366 849 et

250 882 511 938 compacta,
557 878 724 937 passim
767 882 872 922 sunt
913 883 961 923 et
1003 878 1116 938 ligni
1161 875 1416 939 particulae
1457 874 1698 930 residuae,
1739 877 1785 920 in
1827 874 1997 936 lapidis
2031 876 2365 924 similitudinem

248 951 360 996 illae
378 950 561 1011 ⁴quidem
593 954 853 1008 concretae,
886 952 971 997 sed
1000 955 1064 997 ita
1095 958 1243 998 tamen
1272 956 1585 1013 comparatae,
1624 956 1674 996 ut
1704 963 1916 1011 quercum
1950 957 1997 996 et
2029 951 2255 998 fraxinum
2290 953 2365 999 di-

245 1040 474 1085 gnoscere
504 1028 655 1087 possis
687 1027 830 1084 (Tab.
862 1028 899 1073 1.
933 1028 1006 1072 46.
1040 1043 1082 1072 a.
1119 1028 1159 1073 b.
1191 1042 1231 1073 c.
1265 1027 1308 1073 d.
1341 1041 1380 1072 e.
1412 1027 1444 1070 f.
1478 1042 1524 1087 g.
1559 1026 1601 1070 h.
1638 1028 1664 1070 i.
1700 1026 1746 1070 k.
1782 1025 1813 1069 l.
1848 1030 1943 1084 nn).

366 1100 607 1147 Postremo
639 1106 839 1162 sayitcae
875 1105 1071 1162 ferreae
1102 1109 1193 1148 tam
1224 1101 1510 1162 longitudine
1541 1102 1802 1158 (maximam
1847 1106 1995 1147 tamen
2028 1108 2201 1163 partem
2233 1102 2361 1149 3-6

245 1174 372 1236 digg.
406 1175 578 1237 longae
608 1179 731 1233 sunt)
761 1181 809 1222 et
839 1176 1079 1224 latitudine
1111 1192 1241 1238 quam
1273 1178 1429 1238 specie
1461 1178 1579 1220 inter
1610 1189 1663 1220 se
1693 1175 1910 1221 diversae
1949 1175 2010 1220 ad
2041 1192 2125 1223 nos
2169 1178 2358 1225 delatae

243 1256 361 1296 sunt.
424 1252 478 1297 Iu
511 1250 585 1296 his
614 1252 734 1298 duae
766 1255 1106 1314 conspiciuntur
1138 1253 1281 1299 hamis
1311 1255 1576 1299 instructae.
1644 1250 1860 1297 Ceterum
1893 1265 2048 1296 omnes
2082 1255 2279 1313 sagittas
2311 1256 2358 1299 in

244 1326 472 1387 pharetris
506 1330 732 1389 repositas
764 1329 908 1375 fuisse
939 1328 1235 1386 crediderim
1270 1327 1424 1374 annuli
1456 1326 1683 1373 duntaxat
1715 1341 1744 1370 a
1776 1331 1910 1385 tergo
1943 1332 2215 1374 mortuorum
2247 1343 2360 1391 pro-

171 1447 175 1449 *
242 1404 376 1448 tracti
407 1408 525 1460 suut,
560 1406 634 1463 qui
667 1403 827 1450 thecas
860 1403 1179 1465 hujuscemodi
1212 1402 1618 1465 comprehendisse
1650 1407 1697 1447 et
1728 1401 2094 1449 circumclusisse
2126 1403 2355 1450 videntur.

244 1478 387 1534 [Tab.
419 1480 458 1524 I.
492 1480 566 1524 47.
602 1495 643 1524 a.
676 1480 718 1525 b.
741 1495 793 1526 ·c.
828 1480 871 1526 d.
905 1494 932 1526 e
963 1481 996 1526 f.
1032 1480 1150 1526 Tab.
1183 1482 1243 1526 11.
1276 1479 1350 1525 66.
1381 1495 1422 1525 a.
1455 1479 1498 1525 b.
1531 1493 1570 1524 c.
1604 1478 1690 1535 d.).

364 1554 470 1599 Huc
488 1554 715 1600 accedunt
732 1556 966 1613 umbones,
1000 1569 1061 1600 ex
1082 1556 1241 1617 quibus
1272 1555 1396 1601 clavi
1430 1554 1554 1600 orbis
1587 1553 1739 1598 adhuc
1754 1556 2017 1615 prominent,
2051 1568 2150 1600 cum
2182 1556 2352 1616 lignum

243 1630 517 1689 coriumque
561 1631 770 1686 crudum,
826 1633 896 1675 cui
955 1632 1081 1674 infixi
1125 1638 1278 1688 erant,
1330 1632 1544 1690 temporis
1602 1631 1835 1688 iniquitate
1886 1632 2116 1690 perierint.
2195 1633 2357 1676 Ansae

242 1704 376 1749 etiam
405 1703 611 1763 ferreae,
652 1706 811 1766 quibus
852 1710 984 1751 scuta
1017 1706 1216 1752 brachiis
1248 1707 1527 1765 lacertisque
1559 1703 1850 1766 implicabant
1888 1705 2260 1766 efficiebantque,
2304 1712 2355 1752 ut

242 1793 591 1840 quoquoversus
632 1795 799 1843 corpus
832 1782 1236 1841 tegerentmilites
1283 1785 1401 1827 ictus
1442 1779 1643 1842 lapidum
1685 1779 2005 1840 missiliumque
2048 1781 2353 1828 observantes

240 1861 287 1900 et
320 1857 629 1916 excipientes,
670 1858 1291 1918 curvaturaequenjuaedam
1333 1860 1600 1902 munimenta
1633 1862 1956 1901 remanserunt.
2023 1857 2170 1913 (Tab.
2203 1859 2242 1903 Ι.
2276 1857 2352 1903 59.

239 1946 282 1976 a.
316 1930 358 1976 b.
392 1945 431 1977 c.
465 1937 511 1977 et
542 1931 615 1978 60.
648 1932 761 1989 62).

362 2020 470 2066 Nec
502 2024 691 2083 ce‘nyula
725 2023 965 2085 balteique,
1006 2037 1192 2083 quorum
1233 2030 1339 2075 ante
1366 2024 1462 2083 jam
1491 2022 1760 2066 mentionem
1791 2019 1896 2076 feci,
1930 2018 2004 2065 hic
2033 2020 2217 2067 silentio
2246 2027 2351 2066 sunt

238 2097 571 2157 praetereundi.
636 2099 884 2159 Egregiam
928 2101 1043 2145 enim
1076 2113 1235 2146 eorum
1282 2103 1571 2146 venustatem
1613 2100 1661 2141 et
1707 2095 2085 2157 pulchritudinem
2127 2096 2225 2141 fieri
2258 2111 2348 2142 non

238 2178 390 2233 potest
423 2176 527 2233 quin
570 2173 852 2228 admiremur.
913 2175 993 2220 Ex
1025 2175 1226 2236 chalybe
1269 2190 1400 2236 quum
1432 2175 1523 2218 sint
1565 2181 1612 2219 et
1662 2177 1855 2232 argento
1889 2184 1974 2216 eae
2005 2179 2184 2231 partes,
2231 2185 2348 2230 quae

239 2254 605 2309 nonpotuerunt
646 2249 779 2296 edaci
823 2249 1044 2310 robiginis
1089 2253 1291 2313 pernicie
1337 2252 1558 2311 corrumpi
1600 2257 1647 2295 et
1690 2248 1857 2302 deleri,
1909 2248 2103 2291 anticam
2147 2249 2348 2307 speciem

238 2324 430 2372 maxime
471 2325 692 2386 praebent
732 2328 981 2372 inauratam
1015 2326 1241 2388 bullisque
1273 2330 1320 2374 et
1350 2325 1632 2371 lineamentis
1674 2326 1791 2370 scite
1832 2326 2049 2367 ornatam.
2113 2321 2239 2379 Quas
2274 2324 2350 2382 qui

237 2398 434 2463 adspicit
479 2413 578 2447 eum
623 2402 826 2464 effugere
880 2404 1055 2464 nequit,
1105 2417 1235 2464 quam
1276 2401 1447 2447 similes
1499 2402 1588 2445 sint
1619 2414 1772 2446 eorum
1808 2402 2182 2459 ⁷ornamentorum
2227 2397 2347 2442 mili-

236 2478 421 2535 tarium,
476 2491 659 2538 quorum
705 2478 1055 2540 descriptionem
1124 2478 1364 2538 Troyonio
1386 2479 1435 2533 ¹)
1483 2481 1723 2537 acceptam
1772 2473 2032 2528 referimus,
2080 2487 2347 2533 quamquam

235 2568 293 2599 ea
343 2558 519 2611 aetate,
568 2569 656 2614 qua
685 2554 813 2600 facta
853 2546 957 2600 sunt
997 2554 1081 2599 illa
1131 2554 1457 2614 Troyouiana,
1507 2558 1649 2597 artem
1692 2566 1721 2595 a
1752 2551 1943 2610 pristina
1983 2563 2069 2593 sua
2101 2554 2346 2609 praestan-

236 2630 301 2678 tia
326 2631 424 2690 jam
465 2629 775 2693 degenerasse
822 2632 867 2677 in
900 2634 1108 2692 promptu
1149 2634 1220 2676 est
1251 2627 1429 2676 videre.
1493 2625 1631 2686 (Tab.
1663 2626 1699 2672 Ι.
1729 2625 1803 2671 27.
1832 2623 1911 2670 28.
1941 2621 2021 2670 31.
2051 2622 2127 2670 32.
2159 2622 2234 2670 33.
2266 2623 2345 2670 34.

233 2704 313 2751 36.
338 2704 413 2751 37.
444 2706 521 2753 38.
555 2706 632 2753 41.
665 2707 739 2752 42.
758 2705 832 2752 43.
864 2706 938 2751 49.
968 2704 1044 2751 51.
1071 2705 1148 2751 52.
1181 2703 1256 2750 53.
1289 2703 1393 2750 Tab
1416 2703 1475 2748 11.
1509 2701 1590 2747 11.
1623 2701 1697 2746 12.
1729 2698 1803 2746 13.
1837 2698 1913 2745 14.
1948 2700 2022 2745 44.
2055 2700 2128 2744 45.
2160 2700 2235 2745 46.
2268 2700 2346 2745 55.

234 2784 311 2829 57.
345 2781 417 2829 64.
451 2782 525 2829 65.
555 2783 629 2829 67.
661 2783 736 2829 68.
772 2781 844 2829 69.
876 2781 950 2828 70.
984 2781 1058 2827 71.
1117 2782 1223 2828 Huc
1253 2782 1389 2825 etiam
1421 2776 1699 2825 referendae
1729 2780 1834 2823 sunt
1865 2775 2033 2821 fibulae
2064 2789 2126 2825 ex
2157 2788 2269 2822 aere
2300 2777 2348 2820 in

266 2949 307 2998 ¹)
335 2927 596 2998 Description
623 2943 699 2984 des
735 2943 950 2984 tombeaux
989 2940 1040 2983 de
1075 2940 1255 2982 Bel-Ait
1280 2950 1377 2994 pres
1407 2938 1631 2980 Cheseaux
1671 2945 1742 2976 sur
1779 2934 2002 2974 nausanne
2038 2944 2113 2986 par
2150 2933 2349 2974 Frederic

334 3010 524 3061 Troyon.
577 3007 704 3048 Laus.
737 3005 850 3047 1841.
878 3004 916 3046 4.
2005 3063 2082 3109 ²*
